3172 5142
758 437 934 490 ,3ο-

285 619 287 623 ’
369 616 581 701 Philosophus
614 620 727 681 natura
760 623 923 700 promptus
957 624 1004 682 θεῖ
1029 624 1060 682 et
1085 617 1176 700 quasi
1202 616 1307 682 alatus
1331 638 1438 700 neque

263 724 412 806 indigens
446 725 648 808 separatione
673 745 692 787 a
721 722 901 803 te1·renis¹).
961 725 1023 788 Per
1056 730 1160 788 oertos
1194 722 1440 808 disciplinarum

263 829 382 914 gradus
416 829 457 894 ad
481 829 644 894 Summum
677 829 856 912 perveniel3
897 835 1003 914 potest
1032 831 1116 894 enim
1147 829 1272 894 ratione
1296 829 1337 894 do
1360 851 1442 896 uuo-

264 955 389 1018 quoque
425 935 547 1018 dicere,
585 935 662 1017 quld
695 936 752 1018 sit,
790 946 852 1018 qno
886 937 926 1001 ab
960 936 1031 1001 aliis
1065 935 1194 1000 differat
1227 956 1331 1018 quove
1363 957 1444 1002 oon-

264 1043 373 1108 veniat
387 1045 430 1123 2)..
465 1059 466 1064 ’
1015 1118 1020 1128 ,

371 1151 440 1214 Hae
464 1155 536 1216 sunt
560 1156 624 1214 tres
649 1149 731 1232 vino,
765 1169 846 1232 quae
880 1149 921 1214 nd
947 1151 1047 1214 Deum
1082 1151 1199 1216 lerunt.
1255 1150 1349 1215 Certe
1372 1170 1441 1216 uon

264 1263 312 1321 ost
340 1256 469 1322 difficile
493 1256 577 1321 viam
613 1256 753 1322 musicae
789 1256 833 1322 ad
866 1257 1020 1322 rationem
1055 1256 1302 1340 pnlolnitndinis
1339 1258 1444 1322 sensi·

170 1358 173 1364 ’
266 1364 338 1428 nilis
361 1370 393 1427 ot
416 1363 502 1427 viam
535 1363 651 1428 auroris
685 1362 726 1428 ad
750 1363 1023 1447 pulchritudinem
1047 1363 1281 1446 intelligibilem
1306 1363 1440 1430 referre.

264 1470 418 1535 Omnibus
442 1476 584 1554 praestat
608 1469 816 1554 philosophus
840 1475 873 1534 et
892 1470 961 1536 eius
976 1479 1025 1534 est
1042 1490 1075 1534 se
1092 1476 1191 1534 totum
1211 1469 1328 1534 Divino
1345 1469 1440 1536 dare.

371 1575 437 1642 Sed
462 1577 542 1642 haeo
567 1577 731 1642 haetenus.
779 1577 903 1658 Restat,
929 1583 963 1640 ut
988 1575 1029 1644 de
1053 1577 1198 1660 pulchro,
1223 1576 1308 1658 qnod
1332 1574 1443 1648 estin

265 1691 344 1765 arto,
369 1685 543 1766 loquamur.
592 1683 782 1765 Priusquam
807 1689 913 1750 autem
938 1681 980 1748 ad
1000 1683 1083 1748 liano
1109 1704 1175 1748 rom
1199 1682 1441 1767 aggrediamur,

265 1791 404 1856 breviter
435 1791 529 1874 ratio,
566 1810 647 1872 quae
672 1797 720 1855 est
745 1791 827 1856 inter
851 1791 972 1856 Bonum
998 1798 1094 1872 atque
1124 1790 1300 1874 pulchrum,
1336 1789 1442 1872 expli-

266 1897 370 1962 eandn
394 1899 487 1977 esto.
548 1899 668 1962 Bonum
700 1899 751 1963 vel
779 1899 883 1963 Unum
908 1904 966 1980 est,
1001 1905 1155 1982 utsupra
1183 1897 1329 1979 diximus,
1364 1895 1445 1960 fons

266 2004 415 2086 omnium,
446 2024 528 2086 quae
557 2011 658 2070 sunt..
700 2005 789 2068 Mens
814 2011 845 2068 θῖ
870 2024 939 2068 θεεθ
965 2025 1027 2068 non
1051 2003 1136 2069 idem
1161 2011 1233 2070 sunt
1258 2012 1352 2086 atque
1378 2003 1445 2066 Bo-

266 2132 349 2194 num,
375 2111 431 2175 sed
457 2131 496 2175 ex
522 2131 559 2175 θο
584 2109 779 2194 prodierunt.
813 2110 936 2174 Bonum
955 2117 1003 2175 est
1021 2131 1117 2176 eausa
1134 2130 1309 2192 mensurae,
1333 2111 1444 2194 ipsum

266 2239 341 2283 vero
373 2237 477 2298 neque
509 2236 686 2280 mensuram
721 2237 833 2299 neque.
853 2217 989 2281 formam
1014 2217 1159 2298 lrabet4).
1206 2217 1345 2282 Primum
1369 2214 1444 2298 pul-

267 2325 376 2388 ohrum
401 2343 471 2388 esse
494 2330 632 2388 mentem
649 2323 794 2388 Plotinus
814 2323 960 2404 doeet5).
994 2325 1067 2388 Alio
1092 2332 1198 2388 autem
1215 2324 1285 2391 loeo
1302 2321 1446 2406 primum

266 2429 430 2514 pulohrum
457 2431 486 2494 ei
511 2437 559 2496 θεῖ
583 2431 648 2496 Ens
673 2437 705 2496 et
734 2419 1052 2512 quatemus'aliquid
1076 2451 1152 2496 vere
1176 2437 1234 2512 eet,
1270 2427 1445 2514 pulchrum

267 2544 324 2619 est,
350 2543 382 2600 et
406 2543 561 2618 qnatenus
585 2535 704 2618 aliquid
729 2536 895 2621 pulchrum
920 2545 978 2620 est,
1003 2558 1078 2602 vere
1104 2537 1200 2602 habet
1224 2538 1337 2616 essess).
1368 2535 1446 2599 Hae

266 2645 443 2709 sententiae
478 2665 541 2708 non
576 2650 648 2710 sunt
683 2645 766 2710 inter
798 2665 832 2710 se
868 2645 1057 2710 eontrariae.
1116 2644 1197 2710 Nam
1227 2643 1351 2706 Bonum
1388 2649 1443 2706 θεῖ

268 2770 374 2830 eausa,
412 2771 467 2813 em·
495 2750 616 2832 aliquid
646 2750 811 2835 pulchrum
836 2753 896 2834 sit,
923 2759 971 2817 est
995 2748 1198 2837 pulchritudo
1223 2769 1346 2814 omnem
1372 2748 1447 2831 pul-

376 2985 401 3049 1)
420 2983 507 3037 Eun.
528 2982 549 3050 I,
569 2984 594 3050 3,
614 2984 644 3036 3:
674 2984 689 3034 ὅ
715 2982 743 3034 δὲ
762 2985 909 3052 φιλόσοφος
928 2984 975 3053 τὴν
994 2985 1075 3052 φύσιν
1102 2986 1205 3052 ἕτοιμος
1225 2984 1300 3042 οὗτος
1319 2981 1364 3034 καί
1384 2983 1447 3035 οἷον

267 3073 444 3142 ἐπτερωμένος
462 3073 507 3126 καὶ
526 3073 557 3126 οὗ
577 3074 701 3140 δεόμενος
719 3074 865 3141 χωρίσεως,
893 3075 1037 3140 ὥσπερ·οί
1063 3074 1137 3127 ἄλλοι
1157 3074 1236 3132 οὗτοι,
1266 3071 1446 3140 κεκινημένος

266 3163 330 3229 πρὸς
350 3163 378 3215 τὸ
397 3164 461 3216 ἅνω.

374 3251 402 3316 2)
424 3251 509 3304 Enn.
529 3253 550 3319 I,
570 3253 594 3320 3,
613 3252 638 3304 4.
1122 3316 1124 3321 Ι

374 3339 401 3402 3)
421 3339 553 3393 Platonis
573 3341 689 3394 Bonum
711 3357 772 3394 non
792 3341 965 3408 seiungitur
979 3354 997 3390 a
1011 3339 1150 3405 pulchro3
1171 3339 1208 3388 of.
1229 3334 1370 3394 Cranaen
1391 3337 1445 3394 lib.

269 3429 306 3482 (lo
326 3427 439 3498 pulchr.
461 3433 562 3481 annot.
583 3445 610 3496 p.
631 3429 691 3482 294.

374 3518 402 3585 4)
421 3517 504 3570 Enn.
525 3516 573 3581 Vl,
592 3518 616 3583 7,
636 3517 684 3568 32:
712 3515 781 3583 ἀρχὴ
811 3516 840 3568 δὲ
868 3514 896 3566 τὸ
923 3514 1046 3580 ἀνείδεον,
1076 3514 1108 3566 οὐ
1131 3514 1159 3566 τὸ
1177 3523 1285 3584 μορφῆς
1306 3515 1443 3584 δεόμενον,

268 3607 322 3660 ἀλλ’
342 3607 389 3676 ἀφ’
409 3607 442 3659 οὗ
459 3613 528 3659 πᾶσα
546 3604 638 3674 μορηνὴ
658 3604 744 3671 νοερά.

375 3697 402 3764 5)
422 3697 507 3749 Enn.
527 3696 560 3763 V,
579 3697 604 3762 8,
624 3696 654 3749 8:
683 3693 764 3748 καλὸν
783 3694 830 3747 οὖν
849 3693 962 3762 πρώτως
994 3694 1046 3762 (sc.
1066 3697 1082 3748 d
1099 3698 1172 3764 νοῦς)
1190 3735 1213 3750 ..
1242 3696 1270 3748 τὸ
1289 3693 1340 3762 πρὸ
1359 3693 1445 3748 αὐτοῦ

268 3785 330 3838 οὐδὲ
348 3784 428 3839 καλὸν
446 3785 528 3836 ἐθέλει
548 3783 623 3838 εἶναι.

375 3875 403 3940 6)
423 3873 507 3926 Eun.
527 3873 560 3940 V,
579 3874 604 3939 8,
623 3874 651 3927 9:
679 3881 730 3927 ποῦ
749 3874 799 3943 γὰρ
818 3876 849 3928 ἂν
876 3876 916 3942 εἴη
936 3873 964 3926 τὸ
983 3875 1071 3940 καλόν,
1090 3871 1268 3938 ἀποστερηθὲν
1287 3876 1332 3921 τοῦ
1351 3871 1416 3925 εἶναι
1430 3889 1445 3939 ,·
1469 3888 1472 3895 ·

268 3971 320 4015 ποῦ
340 3964 364 4015 δ’
384 3965 415 4016 ἂν
434 3964 449 4030 ἡ
470 3963 545 4016 οὐσία
564 3971 609 4016 τοῦ
628 3963 709 4018 καλὸν
727 3963 790 4018 εἶναι
810 3964 985 4032 ἕστερημένη;
1011 3963 1038 4014 ἒν
1058 3971 1094 4029 τῷ
1114 3961 1162 4028 γὰρ
1183 3959 1374 4026 ἀπολειφθῆναι
1396 3969 1444 4014 τοῦ

269 4055 351 4105 καλοῦ
371 4054 478 4105 ἐλλείπει
499 4054 543 4105 καί
562 4062 594 4122 τῇ
612 4055 700 4122 οὐσίᾳ.
730 4055 836 4108 διὸκαὶ
856 4055 884 4106 τὸ
903 4053 968 4105 εἶναι
987 4052 1111 4104 ποθεινόν
1129 4049 1204 4109 ἔστιν,
1231 4049 1267 4100 ὅτι
1292 4048 1383 4102 ταύτὸν
1403 4060 1442 4117 τῷ

269 4143 344 4210 καλῷ
363 4142 407 4195 καὶ
426 4141 453 4193 τὸ
473 4143 552 4196 καλὸν
571 4145 704 4212 ἕράσιμον,
724 4147 760 4196 ὅτι
782 4144 809 4196 τὸ
828 4143 906 4210 εἶναι.
926 4143 1037 4204 πότερον
1057 4137 1085 4189 δὲ
1103 4137 1215 4203 ποτέρου
1235 4138 1326 4205 αἴτιον,
1346 4141 1371 4190 τί
1387 4139 1441 4208 χρὴ

270 4234 361 4299 ζητεῖν,
381 4230 461 4299 οὔσης
479 4240 524 4300 τῆς
543 4234 649 4300 quideme
667 4241 728 4299 μιᾶς
738 4248 750 4299 ,¹
762 4273 767 4285 .
780 4271 802 4284 ..
822 4232 867 4284 καὶ
886 4228 953 4282 κατὰ
972 4234 1095 4279 τοσοῦτον
1113 4227 1172 4283 ἔστι,
1193 4226 1257 4280 καθ’
1277 4229 1338 4279 ὅσον
1356 4231 1442 4293 μετεί-

269 4321 338 4390 ληφε
366 4321 478 4379 κάλλους
505 4330 551 4374 τοῦ
580 4322 646 4376 κατὰ
675 4322 703 4374 τὸ
731 4321 799 4379 εἶδος
828 4320 872 4371 καί
898 4319 1015 4385 λαβοῦσα
1043 4317 1097 4382 ὅσῳ
1126 4315 1157 4368 ἂν
1181 4316 1248 4386 λάβῃ
1275 4317 1373 4382 μᾶλλον
1402 4337 1442 4372 τε-

269 4411 394 4465 λειοτίοα.
