3172 5142
787 465 962 520 „20-

289 642 426 710 arebus
458 643 661 710 sensibilibus
693 646 837 730 abrepta,
870 647 965 730 plena
995 667 1033 711 ac
1064 647 1182 712 referta
1209 653 1351 733 corporis
1376 653 1460 738 labo,

289 751 441 816 materiae
465 757 610 817 naturam
634 751 788 818 adscivit:
829 752 961 837 perinde
991 774 1030 818 ac
1059 755 1086 819 si
1111 754 1182 836 quis
1205 755 1272 822 luto
1297 779 1460 843 coenoque

288 859 473 943 provolutus
490 881 553 924 non
575 859 712 944 priorem
737 859 834 924 babet
859 859 1135 944 pulchritudinem,
1161 861 1218 927 sed
1235 863 1268 926 id
1285 865 1458 932 videndum

289 973 337 1030 cst
360 967 470 1050 solum,
496 968 580 1051 quod
605 989 645 1033 ex
669 967 744 1032 limo
768 969 800 1032 in
817 988 851 1032 se
867 969 935 1053 ipse
960 989 1123 1051 coenoque
1148 973 1349 1052 contr-artu).
1375 975 1461 1041 Sanc

289 1074 329 1154 ci,
364 1075 417 1155 qui
442 1076 516 1140 limo
555 1095 718 1159 coenoque
750 1075 937 1160 provolutus
969 1082 1033 1158 est,
1074 1076 1238 1161 turpitudo
1276 1083 1461 1148 accessione

289 1183 427 1266 quadam
451 1185 574 1252 alienae
599 1190 731 1249 naturae
756 1185 932 1268 contigit2).
986 1183 1080 1261 Quod
1104 1185 1131 1248 si
1156 1187 1292 1272 priorem
1317 1191 1460 1274 recipere

289 1295 396 1378 cupiet
429 1291 708 1377 pulchritudinem,
741 1291 862 1356 infecta
892 1290 1013 1356 diluere
1038 1312 1118 1377 opus
1144 1294 1211 1358 crit.
1258 1296 1370 1376 Itaque
1394 1297 1460 1360 ani-

288 1421 372 1464 mam
397 1399 554 1480 mistione,
580 1399 766 1480 confusione
789 1405 886 1479 atque
911 1398 1102 1464 commercio
1126 1420 1197 1465 cum
1214 1421 1345 1486 corpore
1362 1408 1460 1484 alque

288 1508 422 1572 maro-ia
455 1514 578 1591 turpem
612 1525 681 1571 esse
715 1524 901 1570 asseremus.
948 1507 1038 1571 Haec
1068 1507 1150 1572 enim
1176 1515 1224 1572 est
1247 1509 1372 1572 animae
1396 1517 1460 1573 tur-

288 1615 399 1700 pitudo
423 1636 485 1679 non
510 1635 580 1679 esse
605 1635 716 1698 puram
740 1621 836 1696 atque
852 1612 1022 1691 sinceram,
1048 1614 1315 1697 quemadmodum
1333 1623 1364 1680 et
1381 1637 1459 1682 auro

287 1722 406 1786 accidit
430 1720 603 1805 turpitudo,
628 1723 653 1786 si
675 1721 780 1804 glebis
804 1721 916 1786 terreis
940 1720 1130 1804 offunditur}
1157 1741 1236 1804 quas
1260 1724 1285 1788 si
1310 1724 1381 1806 quis
1406 1744 1460 1788 ex-

288 1828 431 1910 cusserit,
462 1848 574 1912 purum
604 1828 708 1893 subito
737 1827 872 1894 restabit
897 1847 1017 1892 aurum.
1065 1829 1115 1893 Ita
1139 1830 1235 1893 etiarn
1260 1830 1367 1896 anima
1391 1833 1459 1915 pul-

288 1934 365 2000 chra
389 1943 447 2011 cst,
472 1935 498 2000 si
516 1957 536 2000 a
553 1935 793 2020 cupiditatibus,
818 1955 898 2017 quas
913 1934 1010 2000 nimio
1029 1954 1100 2000 cum
1118 1955 1251 2020 corpore
1268 1939 1459 2003 commercio

286 2051 383 2124 atque
407 2042 636 2108 consuetudine
660 2043 692 2106 in
713 2062 748 2107 se
766 2041 923 2125 concepit,
949 2049 981 2106 et
998 2063 1017 2106 a
1034 2041 1150 2108 ceteris
1165 2044 1460 2127 perturbationibus

240 2199 245 2208 .
287 2151 432 2232 liberata,
457 2148 687 2233 turpitudinem
711 2151 835 2213 omnem
864 2149 905 2214 ab
930 2149 1036 2214 aliena
1059 2148 1345 2214 natura'lraustar'n
1371 2173 1458 2236 pror-

286 2278 339 2323 sus
375 2256 568 2341 expurgavit
579 2257 615 2336 3).
677 2255 914 2327 Purificatione,
938 2257 1036 2339 igitur
1076 2257 1214 2340 quadam
1250 2257 1457 2340 pulchritudo

286 2363 471 2449 principalis
506 2364 631 2429 animae
661 2362 860 2430 restituenda
895 2369 958 2447 est,
998 2365 1100 2429 omnis
1136 2371 1242 2429 autem
1275 2366 1375 2430 virtus
1409 2372 1458 2430 cst

285 2471 465 2556 purificatio
482 2471 682 2555 quaedam).
719 2473 801 2539 Nam
826 2473 932 2536 anima
948 2492 1011 2537 non
1028 2479 1142 2556 suapte
1158 2479 1273 2537 natura
1289 2472 1457 2557 pulchrum

285 2580 388 2664 ipsum
413 2585 470 2662 cst,
504 2579 645 2661 alioquin
670 2599 732 2643 non
756 2579 821 2642 alia
845 2577 972 2660 quidem
997 2581 1125 2664 sapiens
1148 2587 1232 2643 esset
1256 2585 1288 2643 et
1313 2579 1457 2663 pulchra,

284 2686 349 2751 alia
364 2706 439 2751 vcro
464 2685 619 2770 insipiens
642 2690 739 2767 atque
763 2685 879 2768 turpis:
904 2684 962 2750 sed
986 2683 1188 2770 pulchritudo
1213 2689 1261 2748 est
1282 2692 1455 2767 cognatum

285 2791 437 2873 quiddam
461 2792 586 2856 animae
611 2798 642 2856 et
666 2791 828 2875 pertinens
856 2790 899 2856 ad
924 2811 1003 2874 eam,
1038 2812 1100 2857 non
1124 2797 1230 2857 autern
1255 2791 1294 2873 ci,
1329 2799 1365 2856 ut
1389 2812 1457 2856 cor·-

284 2898 363 2983 poui,
389 2897 572 2963 adventicia
597 2904 655 2963 est.
702 2897 818 2962 Anima
851 2899 949 2981 igitur
983 2907 1122 2982 purgata
1155 2899 1280 2983 species
1309 2899 1457 2980 ratioque

284 3004 394 3071 evadit
429 3025 468 3070 ac
508 3005 634 3089 penitus
675 3005 863 3088 incorporea
897 3005 1188 3086 intellectualisque
1228 3026 1267 3070 ac
1302 3005 1456 3070 Divinum

284 3113 397 3196 ipsum,
433 3110 517 3177 unde
550 3110 621 3176 lons
654 3109 900 3196 pulchritudinis
931 3117 1134 3194 cognataque
1164 3108 1270 3177 omnia
1294 3112 1372 3177 talia
1396 3111 1456 3175 ori-

284 3222 426 3300 untur⁵);
461 3226 557 3301 atque
581 3219 627 3282 ita
651 3238 713 3282 non
737 3218 837 3283 solum
863 3219 997 3302 pulchra
1022 3225 1070 3285 est
1094 3220 1201 3284 anima
1224 3225 1372 3302 purgata,
1397 3217 1456 3283 sed

390 3469 417 3532 l)
437 3467 520 3520 Enn.
531 3466 554 3530 I,
565 3467 589 3533 6,
601 3467 630 3521 5:
644 3467 794 3538 ἀκάθαρτος
804 3468 845 3536 δή,
856 3467 937 3536 οἶμαι,
948 3466 1014 3519 οὖσα
1026 3465 1071 3518 καί
1081 3465 1214 3533 φερομένη
1225 3472 1357 3532 πανταχοῦ
1366 3467 1457 3526 ὁλκαΐς

282 3556 346 3624 πρὸς
357 3556 387 3610 τὰ
396 3565 428 3626 τῇ
436 3556 557 3625 αἰσθήσει
568 3559 767 3624 προσπίπτοντα,
775 3556 841 3610 πολὺ
852 3555 880 3608 τά
893 3563 938 3608 τοῦ
951 3554 1076 3621 σώματος
1089 3555 1186 3622 ἔχουσα
1199 3553 1398 3623 ἐγκεκραμένον,
1418 3564 1457 3623 τῷ

282 3647 368 3713 ὑλικῷ
386 3646 476 3714 πολλῷ
495 3653 608 3699 συνοῦσα
626 3646 670 3700 καὶ
689 3647 725 3705 εἰς
744 3645 825 3714 αὑτὴν
843 3643 1010 3712 εἷσδεξαμένη
1031 3641 1102 3702 εἶδος
1121 3645 1208 3712 ἕτερον
1221 3644 1350 3713 ἠλλάξατο
1362 3644 1455 3709 κράσει

282 3743 313 3804 τῇ
340 3735 405 3803 πρὸς
433 3735 461 3787 τὸ
488 3743 588 3803 χεῖρον·
608 3736 665 3789 οἷον
692 3737 719 3789 εἴ
737 3757 773 3795 τις
793 3735 839 3794 δὺς
858 3734 894 3793 εἰς
912 3732 996 3802 πηλὸν
1017 3733 1033 3802 ἢ
1053 3735 1187 3804 βόρβορον
1206 3734 1235 3786 τὸ
1252 3733 1300 3800 μὲν
1319 3733 1382 3798 ὅπερ
1401 3732 1457 3804 εἶχε

282 3825 376 3883 κάλλος
403 3825 496 3893 μηκέτι
524 3828 674 3894 προφαίνοι,
703 3834 778 3880 τοῦτο
807 3825 835 3878 δὲ
861 3825 959 3894 ὁρῷτο,
989 3825 1094 3893 ὃπαρὰ
1118 3832 1163 3877 τοῦ
1181 3824 1266 3890 πηλοῦ
1285 3822 1301 3888 ἢ
1320 3822 1456 3890 βορβόρου

281 3913 439 3982 ἀπεμάξατο.

391 4003 418 4071 2)
438 4004 491 4058 iba
511 4004 534 4074 ᾦ
554 4005 586 4076 δὴ
606 4006 635 4060 τά
653 4006 761 4075 αἰσχρὸν
779 4006 923 4074 προσθήκη
944 4013 989 4058 τοῦ
1008 4003 1144 4068 ἀλλοτρίου
1162 3998 1304 4066 προσῆλθε.

389 4093 417 4160 3)
437 4094 473 4146 cf.
494 4094 581 4148 Enn.
601 4096 623 4160 I,
642 4095 667 4162 6,
687 4095 712 4150 5.

389 4181 417 4245 4)
437 4182 520 4235 Enn.
540 4182 571 4248 I,¹
584 4185 609 4250 6,
629 4183 659 4236 6:
681 4189 751 4236 πᾶσα
770 4180 847 4248 ἀρετὴ
867 4181 1005 4246 κάθαρσις.

387 4271 415 4338 ὃ)
435 4272 490 4325 ib.:
509 4272 603 4340 γίνεται
616 4271 663 4324 οῦν
676 4271 693 4339 ἡ
706 4269 782 4339 ψυχὴ
802 4268 970 4334 καθαρθεΐσα
988 4265 1057 4326 εἶδος
1076 4265 1121 4320 καί
1134 4266 1208 4334 λόγος
1227 4267 1271 4321 καὶ
1289 4267 1371 4335 πάντη
1386 4266 1454 4322 dool-

279 4381 359 4429 ματος
378 4360 422 4414 καὶ
440 4359 518 4429 νοερὰ
537 4361 582 4413 καὶ
601 4361 647 4428 ὅλη
676 4367 722 4413 τοῦ
741 4358 825 4423 θείου,
856 4356 919 4408 ὅθεν
937 4356 953 4425 ἡ
972 4355 1043 4425 πηγὴ
1063 4363 1108 4410 τοῦ
1128 4357 1210 4409 καλοῦ
1229 4357 1274 4410 καὶ
1294 4356 1324 4410 τὰ
1344 4365 1453 4426 συγγενῆ

279 4451 360 4504 πάντα
380 4459 493 4506 τοιαῦτα.
