3172 5142
727 379 901 432 -94-

234 563 333 625 citare
373 567 516 645 oportet,
563 580 654 642 quern
687 560 805 624 habent
844 558 972 640 quidenr
1010 579 1128 638 onrneS,
1166 567 1296 624 utuntur
1334 583 1414 626 roro

233 669 384 752 perpauci
395 670 430 746 1).

339 773 423 851 Quid
448 779 552 838 autern
579 781 636 854 est,
668 772 753 854 quod
778 773 888 838 oculus
912 773 966 837 ille
990 773 1121 837 interior
1145 775 1296 858 inspicit?
1333 776 1413 840 Pro-

232 881 319 945 fecto
344 881 449 944 subito
484 886 690 963 experrectus
723 878 994 964 nondumpotest
1027 879 1137 944 lueida
1165 879 1221 945 illa
1251 883 1413 964 aspicere.

233 985 502 1051 Assucfaeiendus
526 985 624 1068 igitur
647 987 770 1050 animus
794 993 842 1049 cst
866 984 1117 1069 primoquidem
1142 985 1249 1050 studia
1272 987 1415 1071 pulchra

233 1092 446 1174 considerare,
472 1091 588 1156 deinde
613 1112 710 1177 opera
735 1091 883 1176 pulehra3
910 1112 1018 1176 opera,
1047 1092 1186 1175 inquam,
1212 1114 1273 1158 non
1299 1095 1415 1177 qualia

232 1200 310 1263 tiunt
345 1199 385 1264 ab
421 1199 610 1280 artificibus,
644 1198 700 1264 sed
735 1219 817 1280 quae
850 1221 869 1262 a
904 1199 980 1264 viris
1013 1201 1121 1283 probis
1155 1200 1412 1284 perficiuntur2).

232 1307 309 1370 Post
333 1305 413 1371 haee
446 1326 552 1370 eorurn
578 1307 726 1388 animaru,
761 1307 814 1386 qui
840 1306 918 1374 talia
942 1312 1052 1389 agunt,
1077 1308 1236 1391 inspicere
1261 1307 1412 1389 debesa.

232 1411 297 1477 Sed
322 1433 458 1495 quonam
482 1419 588 1498 pactu,
625 1413 719 1494 quale
742 1414 783 1477 sit
808 1414 911 1478 bonne
935 1414 1060 1478 animae
1085 1411 1191 1496 decus,
1228 1415 1414 1498 inspicies?

232 1520 312 1602 Age,
338 1526 370 1584 te
394 1540 510 1584 revoca
533 1521 565 1583 in
590 1519 749 1602 teipsum
774 1526 871 1600 atque
896 1520 1129 1603 contemplare;
1154 1541 1193 1584 ac
1216 1522 1242 1584 si
1267 1522 1412 1586 nondun]

233 1634 265 1691 te
288 1647 464 1709 cognosces
487 1626 663 1710 pulchrum,
688 1625 876 1690 statuarium
901 1626 1077 1690 imitabere.
1119 1628 1152 1691 Is
1176 1628 1256 1691 eninr
1281 1635 1414 1694 statuae

233 1734 297 1797 nlia
330 1731 494 1814 rescindit,
528 1733 592 1798 alia
626 1731 763 1814 abradit,
798 1733 862 1796 alia
894 1733 1016 1816 levigat
1046 1740 1143 1815 atque
1172 1741 1297 1818 purgat,
1331 1735 1413 1800 (trini

232 1840 348 1904 faeiem
373 1838 406 1902 in
430 1845 536 1904 statua
561 1839 753 1923 expresserit
777 1840 999 1922 speciosam4).
1037 1836 1098 1903 'lta
1122 1847 1155 1903 tu
1180 1860 1305 1922 quoque
1330 1841 1414 1907 tolle

232 1965 442 2030 supervacua,
478 1946 607 2026 obliqua
642 1945 696 2008 fae
737 1951 840 2025 reeta,
877 1946 1013 2009 obseura
1047 1945 1215 2029 purgando
1255 1947 1414 2012 collustra

232 2072 335 2134 neque
359 2052 469 2116 desine
499 2053 585 2115 cirea
613 2057 751 2114 statuam
777 2057 864 2114 tuanr
889 2051 1064 2133 elaborare,
1096 2051 1169 2116 duni
1196 2052 1321 2118 divinus
1349 2054 1415 2118 vir-

233 2161 308 2224 tutis
332 2159 438 2241 fulgor
462 2157 519 2221 tibi
544 2165 710 2241 appareat,
746 2155 820 2220 durn
855 2147 1098 2241 tenrperantiarn
1133 2181 1243 2225 cernas
1276 2160 1416 2224 firmiter

232 2267 264 2328 in
288 2266 455 2328 maiestate
488 2266 568 2348 pura
601 2265 777 2344 sanctaque
801 2263 1009 2344 sederrtern5).
1065 2266 1147 2332 Nam
1173 2269 1199 2330 si
1223 2265 1414 2332 rnodorna-

233 2371 296 2434 lunn
329 2370 570 2454 propulerinrus,
608 2371 722 2435 bonunr
756 2377 868 2454 sponte
902 2371 993 2436 nobis
1027 2373 1259 2438 conciliabitur.
1314 2373 1349 2437 Si
1375 2379 1415 2438 te

233 2479 334 2561 ipsum
359 2478 538 2562 inspexeris
562 2499 600 2542 ae
624 2498 722 2562 purus
746 2478 809 2541 iarn
845 2477 1042 2543 habitaveris
1078 2481 1146 2562 ipse
1180 2487 1296 2561 tecum,
1330 2478 1417 2543 nihil

235 2583 385 2649 videlieet
412 2585 534 2650 habens
559 2583 788 2668 impedimenti,
821 2585 988 2665 quominus
1012 2584 1057 2648 sic
1082 2605 1161 2648 unus
1185 2585 1333 2650 efficiaris
1358 2606 1417 2650 ne-

234 2711 295 2772 que
320 2690 440 2755 habens
464 2691 551 2755 aliud
576 2690 748 2774 quidquarn
778 2698 885 2755 tceurn
909 2693 993 2755 intus
1017 2689 1205 2773 admixtum,
1239 2690 1418 2758 sedtotus

233 2797 302 2881 ipse
326 2817 434 2860 verunr
459 2804 555 2878 atque
579 2799 623 2861 nil
648 2797 709 2862 nisi
733 2797 854 2862 lumen:
889 2799 1003 2880 lumen,
1028 2799 1167 2880 inquam,
1192 2817 1296 2880 neque
1321 2819 1418 2882 niag-

233 2902 377 2967 nitudine
401 2910 615 2968 mensuratum
641 2925 699 2968 nec
723 2904 826 2986 figurat
850 2904 958 2985 aliqua
983 2911 1179 2968 coarctatum
1205 2925 1263 2968 neo
1287 2906 1419 2988 magni-

233 3008 343 3074 tudine
376 3010 408 3072 in
441 3009 596 3074 infinitunr
632 3018 772 3092 auctum,
806 3009 862 3074 sod
896 3029 1019 3073 ornnern
1054 3031 1231 3076 rnensurarn
1269 3011 1417 3094 fugiens,

254 3255 257 3262 '
344 3259 370 3323 1)
391 3259 474 3312 Enn.
495 3261 516 3324 I,
537 3263 561 3324 (3,
581 3262 610 3313 8:
640 3263 681 3313 ὸεῖ
700 3302 705 3313 .
722 3302 726 3312 .
746 3261 784 3329 μὴ
803 3263 915 3330 βλέπειν,
944 3262 998 3314 αλλ’
1024 3262 1078 3314 οἷον
1101 3263 1218 3327 μύσαντα
1242 3261 1305 3326 ὄψιν
1328 3259 1418 3328 ἄλλην

239 3349 400 3410 ἀλλάξασθαι
421 3349 466 3401 καὶ
485 3349 621 3416 ἀνεγεῖραι,
641 3351 674 3418 ἣν
692 3350 744 3417 ἔχει
764 3350 812 3416 μὲν
830 3359 889 3416 πᾶς,
909 3358 1023 3418 χρῶνται
1042 3349 1071 3400 δὲ
1090 3349 1179 3415 ὀλίγοι.

341 3437 368 3503 9)
389 3437 476 3489 Enn.
497 3437 518 3503 Ι,
538 3439 563 3496 6,
577 3438 606 3490 9:
625 3438 742 3490 ἐθιστέον
761 3437 809 3489 οὖν
828 3437 873 3505 τὴν
891 3436 984 3505 ψυχὴν
1002 3435 1083 3504 αὐτὴν
1101 3443 1206 3504 πρῶτον
1224 3435 1272 3503 μὲν
1291 3435 1321 3489 τὰ
1341 3438 1417 3493 καλὰ

233 3529 335 3596 βλέπειν
354 3526 556 3594 ἐπιτηδεύματα·
577 3525 630 3578 εἶτα
649 3527 710 3594 ἔργα
729 3527 804 3592 καλά,
824 3526 872 3593 οὐχ
893 3527 940 3578 ὅσα
959 3527 988 3577 αἵ
1005 3525 1089 3593 τέχναι
1108 3525 1266 3594 ἐργάζονται,
1286 3523 1340 3577 ἀλλ’
1362 3527 1417 3582 ὅσα

233 3619 260 3669 οἱ
277 3618 369 3684 ἄνδρες
388 3618 415 3668 οἱ
430 3616 563 3684 λεγόμενοι
582 3615 685 3684 ἀγαθοί.

342 3706 370 3770 3)
389 3706 442 3757 ib.:
461 3704 515 3756 εἶτα
534 3704 627 3773 ψυχὴν
646 3705 684 3758 ι’ὃὲ
702 3713 755 3758 τῶν
774 3705 804 3758 τὰ
823 3705 884 3772 ἔργα
904 3704 934 3758 τὰ
953 3705 1021 3759 καλὰ
1039 3706 1231 3774 ἐργαζομένων.

339 3795 366 3858 4)
387 3795 441 3847 in:
460 3795 538 3862 ἄναγε
566 3794 607 3846 εἐιὶ
635 3795 730 3848 σανιὸν
758 3795 803 3846 καὶ
823 3795 874 3848 ι’δέ·
889 3795 939 3848 κᾶν
967 3797 1048 3864 μήπω
1069 3795 1163 3849 σαυτὸν
1182 3795 1240 3860 ἴδῃς
1259 3793 1347 3857 καλόν,
1368 3795 1415 3849 οἷα

234 3885 342 3953 ποιητὴς
361 3885 515 3952 ἀγάλματος,
544 3886 620 3936 riori
635 3884 715 3937 καλὸν
734 3884 861 3952 γενέσθαι,
890 3886 918 3937 τὸ
941 3885 989 3952 μὲν
1009 3886 1123 3952 ἀφαιρεῖ,
1152 3881 1180 3932 τὸ
1199 3879 1227 3930 δὲ
1246 3879 1361 3946 ἀπέξεσε,
1382 3885 1416 3934 τὸ

236 3971 264 4022 δὲ
282 3973 358 4038 λεῖον,
379 3972 408 4024 τὸ
427 3972 456 4024 δὲ
475 3972 595 4039 καθαρὸν
614 3973 742 4040 ἐποίησεν,
762 3973 813 4030 ἕως
826 3974 907 4034 ἔδειξε
919 3973 999 4024 καλὸν
1013 3972 1054 4023 ε’πὶ
1068 3978 1104 4034 τῷ
1118 3967 1243 4034 ἀγάλματι
1256 3969 1412 4033 πρόσωπον.

5 4021 218 4062 Μῃ-
1096 4057 1103 4073 ’
1146 4055 1153 4073 Ι

340 4061 367 4123 5)
387 4061 440 4112 ib.:
469 4063 539 4112 οὕτω
569 4062 613 4113 καὶ
641 4061 673 4112 σὺ
701 4061 807 4127 ἀφαίρει
835 4062 883 4112 ὅσα
901 4059 1005 4125 περιττὰ
1024 4057 1069 4110 καὶ
1088 4056 1221 4107 uocauere
1240 4057 1287 4109 ὅσα
1306 4060 1412 4124 σκολιοῖ,

233 4153 288 4202 ὅσα·
300 4147 419 4202 σκοτεινὰ
440 4150 580 4214 καθαίρων
598 4148 709 4214 ἐργάζου
728 4145 792 4198 εἶναι
811 4146 919 4212 λαμπρὰ
938 4147 983 4198 καὶ
1001 4145 1039 4214 με)
1059 4145 1146 4211 παύσῃ
1161 4147 1302 4198 remanat
1320 4146 1349 4199 τὸ
1362 4149 1413 4201 σὸν
1544 4140 1553 4275 i

234 4240 344 4308 ἄγαλμα,
372 4239 423 4296 ἕως
450 4237 481 4290 ἂν
508 4236 653 4304 ἕκλάμιγειὲ
681 4255 720 4286 σοι
750 4241 795 4299 τῆς
822 4233 914 4300 ἀρετῆς
934 4234 950 4300 ἦ
970 4232 1092 4301 θεοειδὴς
1111 4233 1208 4300 ἀγλαιά,
1230 4236 1280 4292 ἕως
1299 4236 1330 4287 ἂν
1349 4237 1411 4304 ἴδῃς

234 4329 411 4397 σωφροσύνην
429 4327 457 4380 ἑν
475 4326 547 4394 ἁγνῷ
565 4327 688 4394 βεβῶσαν
707 4322 841 4387 καθαρῶς.
