3172 5142
627 453 804 509 ..19-

129 634 349 700 adfectionum
379 655 477 700 eausa
500 636 551 701 sit.
599 637 689 700 Haeo
715 656 821 718 eausa,
851 636 898 700 ita
922 635 1028 720 pergit
1053 633 1207 715 Protinus,
1241 652 1304 698 non

128 748 179 805 est
203 741 314 824 figura,
338 763 401 808 non
418 743 514 824 color,
540 763 602 807 uon
619 742 778 824 quaedam
795 740 994 825 magnitudo,
1018 760 1128 805 verum
1152 738 1304 823 splendor

129 847 260 930 quidam
285 849 370 913 eirea
394 850 542 932 animum,
579 851 633 932 qui
657 851 726 934 ipse
751 848 871 934 pariter
894 855 991 930 atque
1015 847 1150 912 virtutes
1174 846 1235 930 ipsi
1259 847 1304 909 in·

129 954 218 1018 ditae
242 955 311 1020 sine
335 956 441 1020 eolore
467 963 515 1021 est
528 959 561 1034 ¹).
606 957 670 1020 Cur
693 961 798 1021 autem
823 977 871 1038 ea,
896 976 979 1038 quae
996 953 1193 1018 admirantes
1217 973 1303 1017 ama·

129 1080 211 1143 muS,
244 1061 378 1145 pulobra
410 1060 570 1126 dicimus?
617 1062 772 1128 Nimirum
806 1068 976 1146 propterea
1004 1059 1088 1143 quod
1123 1060 1202 1124 liaeo
1227 1079 1302 1123 vere

128 1172 230 1231 sunt
262 1169 331 1232 sive
356 1168 427 1250 ipsa
450 1173 522 1232 sunt
548 1167 677 1247 entia2).
741 1167 844 1250 Magis
880 1167 1082 1251 perspicuum
1117 1167 1188 1246 erit,
1225 1165 1300 1246 quid
1362 1251 1364 1256 Δ

128 1274 269 1338 animum
294 1272 392 1338 faeiat
416 1274 587 1338 amabilem
621 1272 762 1356 quidque
795 1271 827 1336 in
861 1273 1006 1338 omnibus
1031 1272 1201 1361 ¹virtutibus
1225 1279 1304 1335 tarn·

129 1399 226 1460 quarn
251 1377 360 1444 radius
383 1381 460 1446 solis
483 1381 617 1464 fulgeat,
641 1380 668 1445 si
693 1381 809 1466 turpia,
843 1378 982 1462 quaein
1007 1379 1112 1443 anima
1137 1397 1206 1443 esse
1233 1398 1303 1462 pos-

127 1492 213 1564 sunt,
239 1491 314 1550 ante
339 1487 449 1551 oeulos
473 1487 680 1571 posuerimus.
734 1479 851 1571 Turpis
876 1492 924 1551 est
948 1506 987 1551 ea
1011 1486 1128 1567 anima,
1153 1504 1235 1566 quae
1259 1485 1303 1548 in·

128 1599 313 1676 temperans
337 1599 386 1658 est
410 1599 506 1678 atque
530 1587 659 1677 iniusta,
693 1596 799 1660 multis
824 1592 1055 1679 cupiditatibus
1078 1591 1246 1658 abundans
1270 1597 1302 1656 et

129 1699 425 1782 perturbationibus
450 1721 544 1783 quam
569 1702 724 1786 plurimis,
749 1702 790 1767 ob
815 1701 1019 1768 timiditatem
1044 1705 1162 1766 vexata
1186 1699 1297 1764 timori

129 1805 200 1887 bus,
236 1805 275 1870 ob
309 1806 407 1871 animi
440 1807 692 1874 illiberalitatem
726 1809 957 1889 avaritiamque
991 1807 1140 1872 laborans
1170 1805 1302 1887 invidie,

128 1911 208 1974 nihil
232 1931 371 1994 unquam
395 1913 457 1978 nisi
480 1914 615 1979 mortale
639 1914 864 1996 abiectumque
888 1913 1045 1996 cogitans
1070 1913 1199 1996 obliqua
1223 1933 1303 1978 sem-

128 2037 188 2101 per
211 2025 375 2102 reputans,
398 2021 530 2104 impuris
547 2021 765 2106 voluptatibus
782 2021 903 2102 dedita,
928 2020 1027 2085 vitam
1044 2039 1144 2102 agens
1161 2021 1303 2103 eorporis

128 2125 262 2190 viribus
285 2125 455 2192 obnoxiam
488 2134 585 2212 atque
618 2127 816 2213 turpitudine
851 2129 923 2212 ipsa
955 2126 1148 2210 gaudensll.
1211 2127 1303 2190 Hane

129 2238 236 2295 autem
261 2232 489 2316 turpitudinem
514 2256 618 2300 nonne
642 2237 768 2300 animae
792 2243 955 2316 tamquam
980 2233 1197 2298 adventicium
1222 2233 1304 2298 aeui-

119 2335 218 2416 ,disse
241 2339 358 2402 malurn
382 2340 536 2422 dieenrus,
561 2361 643 2422 quae
660 2341 788 2422 quidem
811 2342 903 2424 gravi
928 2361 998 2405 eum
1023 2339 1303 2404 detrimentosum

129 2442 309 2508 reddiderit
332 2445 488 2529 impuram
513 2447 674 2529 multaque
698 2447 859 2531 pravitate
884 2446 1069 2530 permistam
1086 2447 1142 2526 ita,
1167 2451 1201 2510 ut
1217 2453 1302 2530 post·

122 2551 192 2614 bae
215 2570 319 2634 neque
336 2552 434 2616 vitam
459 2573 562 2636 neque
583 2565 712 2618 ‘sensum
738 2575 849 2638 purum
876 2553 993 2618 lrabeat
1017 2553 1132 2634 aninra,
1157 2551 1215 2617 sed
1232 2573 1303 2636 per-

128 2656 277 2722 mistione
309 2659 385 2723 mali
417 2659 517 2725 vitam
550 2667 665 2726 tetram
690 2667 722 2726 et
750 2662 814 2726 iarn
838 2667 939 2726 morte
963 2661 1095 2724 mixtam
1120 2658 1230 2742 degat,
1266 2667 1301 2724 ut

128 2785 192 2828 non
225 2765 288 2830 iam
322 2765 441 2847 videat,
476 2789 560 2849 quae
584 2767 725 2832 videnda
758 2775 840 2849 sunt,
877 2787 980 2848 neque
1014 2786 1121 2831 secum
1155 2763 1301 2832 habitare

127 2871 240 2955 possit,
273 2878 445 2955 propterea
475 2872 560 2955 quod
591 2873 632 2938 ad
661 2880 796 2940 externa
819 2893 944 2958 semper·
968 2879 1000 2938 et
1024 2872 1131 2938 infima
1155 2873 1304 2938 obseura·

128 2985 227 3060 taque
251 2979 452 3063 rapiaturb?
475 2980 604 3064 impura
629 2981 772 3066 profecto
797 2981 903 3072 anima
927 2981 975 3045 sie
999 2981 1087 3045 laeta
1110 2999 1299 3064 semperque

235 3113 261 3176 1)
283 3115 365 3166 Enn.
386 3115 408 3180 I,
428 3115 452 3178 6,
472 3116 502 3168 5:
533 3116 564 3168 ori
584 3124 680 3183 σχῆμα,
710 3117 741 3168 ori
768 3123 873 3182 χρῶμα,
903 3116 934 3167 ori
961 3116 1072 3183 μέγεθός
1091 3135 1121 3180 τι,
1151 3112 1214 3165 ἀλλὰ
1244 3112 1302 3180 περὶ

126 3202 230 3270 ψυχήν,
258 3201 417 3269 ἀχρώματον
440 3201 489 3267 μὲν
513 3202 601 3269 αὑτήν,
629 3203 788 3269 ἀχρώματον
807 3202 836 3254 δέ
854 3203 898 3254 καὶ
923 3202 968 3270 τὴν
993 3201 1171 3269 σωφροσύνην
1190 3201 1302 3269 ἔχουσαν

126 3290 173 3344 καὶ
193 3291 221 3342 τὸ
240 3291 303 3344 ἄλλο
322 3297 375 3344 τῶν
393 3291 493 3358 ἀρετῶν
513 3290 617 3358 φέγγος.

238 3379 266 3446 2)
285 3381 340 3433 ib:
359 3379 389 3433 ιὰ
408 3381 491 3439 ὅντως
510 3381 571 3433 ὄντα
590 3387 668 3433 ταῦτα
688 3379 761 3434 εἶναι.

236 3470 263 3530 3)
283 3470 335 3522 ib:
354 3472 420 3522 ἔστω
440 3469 473 3538 δὴ
493 3469 569 3538 ψυχὴ
588 3470 692 3538 αἰσχρά,
712 3469 856 3530 ἀκόλαστος
878 3491 904 3523 τε
922 3470 968 3523 καὶ
987 3470 1089 3536 ἄδικος,
1106 3470 1234 3523 πλείστων
1252 3467 1300 3535 μέν

126 3558 279 3622 ἐπιθυμιῶν
299 3557 421 3622 γέμουσα,
450 3560 571 3627 πλείστης
591 3558 620 3612 δὲ
639 3568 761 3628 ταραχῆς,
785 3560 813 3612 έν
832 3562 927 3628 φόβοις
945 3559 988 3612 διὰ
1008 3560 1114 3624 δειλίαν,
1143 3559 1170 3609 ἑν
1190 3558 1302 3623 φθόνοις

126 3645 172 3697 dcci
199 3644 413 3712 μικροπρέπειαν,
441 3649 523 3699 πάντα
552 3656 695 3714 φρονοῦσα,
725 3649 794 3716 ddi]
818 3650 863 3701 καὶ
882 3657 982 3715 φρονεῖ,
1012 3645 1095 3712 θνητὰ
1123 3645 1167 3697 καὶ
1187 3646 1300 3710 ταπεινοί,

127 3733 220 3786 σκολιὰ
248 3739 396 3800 πανταχοῦ,
425 3731 529 3798 ἡδονῶν
548 3735 579 3786 οὐ
602 3737 732 3800 καθαρῶν
753 3737 825 3802 κοίλη,
854 3738 926 3795 ζῶσα
946 3734 1018 3801 ζωὴν
1038 3741 1083 3786 τοῦ
1103 3735 1158 3785 ὅτι
1177 3733 1209 3784 ἂν
1226 3733 1301 3800 πάθη

127 3822 173 3875 διὰ
193 3822 322 3889 σώματος,
342 3820 379 3878 ὡς
400 3819 450 3887 ridi)
471 3821 587 3888 λαβοῦσα
606 3821 654 3886 (τὸ)
675 3821 772 3888 αἶσχος.

238 3911 265 3977 4)
295 3911 345 3963 ib.:
374 3909 437 3962 αὐτὸ
473 3917 546 3962 τοῦτο
580 3908 607 3960 τὸ
638 3908 729 3976 αἶσχος
770 3910 836 3977 αὐτῇ
868 3909 918 3975 ἆρα
955 3909 987 3959 οιί
1019 3911 1217 3976 προσγεγονέναι
1246 3909 1302 3961 οἷον

125 3999 240 4052 ἐπακτὸν
267 4000 351 4052 κακὸν
379 4000 507 4068 φήσομεν,
536 4000 551 4050 ὃ
572 3998 724 4066 ἐλωβήσατο
750 3996 799 4064 μὲν
827 3998 901 4065 αὐτῇ,
929 3999 1060 4063 πεποίηκε
1079 3996 1107 4048 δὲ
1134 3996 1215 4066 αὐτὴν
1239 3997 1302 4051 ἀκά-

127 4089 228 4154 θαρτον
250 4090 294 4141 καὶ
321 4090 411 4156 πολλῷ
440 4098 476 4158 τῷ
506 4095 585 4156 κακῷ
611 4087 841 4154 συμπεφυρμένην,
870 4085 929 4138 οὔτε
956 4084 1029 4153 ξωὴν
1055 4087 1089 4138 ἔτι
1109 4087 1221 4154 ἔχουσαν
1240 4087 1300 4140 οὔτε

127 4178 251 4244 αἴσθησιν
278 4179 408 4245 καθαράν,
437 4179 500 4233 ἀλλὰ
524 4187 562 4246 τῷ
581 4179 688 4246 μέγματι
709 4184 755 4229 τοῦ
774 4183 861 4230 κακοῦ
882 4176 988 4244 ἀμυὸρᾷ
1008 4183 1039 4242 τῇ
1058 4177 1116 4243 ζωῇ
1135 4178 1300 4244 κεχρημένην

126 4266 173 4318 καὶ
202 4268 290 4333 πολλῷ
319 4277 356 4332 τῷ
384 4269 491 4336 θανάτῳ
522 4267 695 4335 κεκραμένην,
723 4266 812 4320 οὐκέτι
836 4265 885 4334 μέν
903 4267 1007 4333 ὁρῶσαν
1025 4266 1041 4317 ἃ
1060 4265 1103 4316 δεῖ
1119 4265 1210 4332 ψυχὴν
1229 4268 1300 4331 ὁρᾶν,

127 4355 215 4408 οὐκέτι
236 4354 264 4404 δὲ
282 4355 400 4422 έωμένην
418 4357 445 4407 έν
463 4359 528 4426 αὑτῇ
546 4357 633 4424 μένειν
652 4365 688 4424 τῷ
707 4357 829 4409 ἕλκεσθαι
850 4355 890 4408 ἀεὶ
908 4354 973 4422 πρὸς
993 4354 1021 4406 τὸ
1039 4354 1092 4410 ἔξω
1112 4353 1156 4406 καὶ
1176 4353 1204 4405 τὸ
1222 4354 1296 4406 κάτω

127 4446 173 4500 καὶ
192 4444 221 4497 τὸ
240 4446 370 4496 σκοτεινόν
378 4460 392 4510 ,·
