<?xml version="1.0" encoding="UTF-8"?>
<!DOCTYPE html PUBLIC "-//W3C//DTD XHTML 1.0 Transitional//EN"
    "http://www.w3.org/TR/xhtml1/DTD/xhtml1-transitional.dtd">
<html xmlns="http://www.w3.org/1999/xhtml" xml:lang="en" lang="en">
 <head>
  <title>
</title>
<meta http-equiv="Content-Type" content="text/html;charset=utf-8" />
  <meta name='ocr-system' content='tesseract 3.04.00' />
  <meta name='ocr-capabilities' content='ocr_page ocr_carea ocr_par ocr_line ocrx_word'/>
</head>
<body>
  <div class='ocr_page' id='page_1' title='image "./plotinidepulchr00schagoog_0008.png"; bbox 0 0 3172 5142; ppageno 0'>
   <div class='ocr_carea' id='block_1_1' title="bbox 633 451 790 504">
    <p class='ocr_par' dir='ltr' id='par_1_1' title="bbox 633 451 790 504">
     <span class='ocr_line' id='line_1_1' title="bbox 633 451 790 504; baseline -0.006 -15"><span class='ocrx_word' id='word_1_1' title='bbox 633 451 790 504; x_wconf 75' lang='lat'>-5-</span> 
     </span>
    </p>
   </div>
   <div class='ocr_carea' id='block_1_2' title="bbox 123 629 1318 2638">
    <p class='ocr_par' dir='ltr' id='par_1_2' title="bbox 123 629 1318 2638">
     <span class='ocr_line' id='line_1_2' title="bbox 200 629 1297 716; baseline 0.004 -24"><span class='ocrx_word' id='word_1_2' title='bbox 200 687 202 692; x_wconf 90' lang='lat'><em>.</em></span> <span class='ocrx_word' id='word_1_3' title='bbox 232 633 376 697; x_wconf 81' lang='lat' dir='ltr'>Alterum</span> <span class='ocrx_word' id='word_1_4' title='bbox 410 629 600 716; x_wconf 86' lang='lat' dir='ltr'>principium</span> <span class='ocrx_word' id='word_1_5' title='bbox 640 631 797 714; x_wconf 81' lang='lat' dir='ltr'>primique</span> <span class='ocrx_word' id='word_1_6' title='bbox 831 631 980 715; x_wconf 88' lang='lat' dir='ltr'>principii</span> <span class='ocrx_word' id='word_1_7' title='bbox 1013 632 1214 696; x_wconf 80' lang='lat' dir='ltr'>simulacrum</span> <span class='ocrx_word' id='word_1_8' title='bbox 1249 639 1297 698; x_wconf 98' lang='grc' dir='ltr'>θεῖ</span> 
     </span>
     <span class='ocr_line' id='line_1_3' title="bbox 125 737 1297 822; baseline -0.004 -16"><span class='ocrx_word' id='word_1_9' title='bbox 125 761 213 806; x_wconf 88' lang='lat' dir='ltr'>mens</span> <span class='ocrx_word' id='word_1_10' title='bbox 244 741 275 820; x_wconf 84' lang='grc' dir='ltr'>(ὁ</span> <span class='ocrx_word' id='word_1_11' title='bbox 298 741 385 817; x_wconf 85' lang='grc' dir='ltr'><strong><em>νοῦς)</em></strong></span> <span class='ocrx_word' id='word_1_12' title='bbox 396 741 430 817; x_wconf 82' lang='lat'>¹).</span> <span class='ocrx_word' id='word_1_13' title='bbox 477 738 528 802; x_wconf 85' lang='lat' dir='ltr'>Ab</span> <span class='ocrx_word' id='word_1_14' title='bbox 558 738 628 822; x_wconf 88' lang='lat' dir='ltr'>ipso</span> <span class='ocrx_word' id='word_1_15' title='bbox 653 738 742 802; x_wconf 91' lang='lat' dir='ltr'>Bono</span> <span class='ocrx_word' id='word_1_16' title='bbox 771 743 898 802; x_wconf 88' lang='lat' dir='ltr'>emanat</span> <span class='ocrx_word' id='word_1_17' title='bbox 922 744 954 802; x_wconf 87' lang='lat' dir='ltr'>et</span> <span class='ocrx_word' id='word_1_18' title='bbox 979 737 1071 818; x_wconf 85' lang='lat' dir='ltr'>quasi</span> <span class='ocrx_word' id='word_1_19' title='bbox 1094 740 1297 822; x_wconf 90' lang='lat' dir='ltr'>progenitum</span> 
     </span>
     <span class='ocr_line' id='line_1_4' title="bbox 125 844 1297 930; baseline -0.003 -18"><span class='ocrx_word' id='word_1_20' title='bbox 125 857 182 913; x_wconf 88' lang='lat' dir='ltr'>est.</span> <span class='ocrx_word' id='word_1_21' title='bbox 232 848 311 912; x_wconf 87' lang='lat' dir='ltr'>Eam</span> <span class='ocrx_word' id='word_1_22' title='bbox 335 847 376 911; x_wconf 91' lang='lat' dir='ltr'>ob</span> <span class='ocrx_word' id='word_1_23' title='bbox 405 865 535 911; x_wconf 87' lang='lat' dir='ltr'>eausam</span> <span class='ocrx_word' id='word_1_24' title='bbox 566 844 627 910; x_wconf 87' lang='lat' dir='ltr'>boe</span> <span class='ocrx_word' id='word_1_25' title='bbox 651 846 842 930; x_wconf 92' lang='lat' dir='ltr'>principium</span> <span class='ocrx_word' id='word_1_26' title='bbox 866 844 984 909; x_wconf 91' lang='lat' dir='ltr'>dieitur</span> <span class='ocrx_word' id='word_1_27' title='bbox 1008 844 1186 910; x_wconf 86' lang='lat' dir='ltr'>boniforme</span> <span class='ocrx_word' id='word_1_28' title='bbox 1212 847 1297 928; x_wconf 83' lang='grc' dir='ltr'>(ἀγα-</span> 
     </span>
     <span class='ocr_line' id='line_1_5' title="bbox 127 951 1297 1036; baseline 0.001 -20"><span class='ocrx_word' id='word_1_29' title='bbox 127 953 269 1036; x_wconf 81' lang='grc' dir='ltr'>ῖῖοειὸές).</span> <span class='ocrx_word' id='word_1_30' title='bbox 318 955 355 1017; x_wconf 93' lang='lat' dir='ltr'>In</span> <span class='ocrx_word' id='word_1_31' title='bbox 389 957 495 1016; x_wconf 89' lang='lat' dir='ltr'>mente</span> <span class='ocrx_word' id='word_1_32' title='bbox 528 951 639 1017; x_wconf 87' lang='lat' dir='ltr'>divina</span> <span class='ocrx_word' id='word_1_33' title='bbox 672 952 826 1034; x_wconf 83' lang='lat' dir='ltr'>cogitatio</span> <span class='ocrx_word' id='word_1_34' title='bbox 856 957 888 1016; x_wconf 92' lang='lat' dir='ltr'>et</span> <span class='ocrx_word' id='word_1_35' title='bbox 919 951 1095 1035; x_wconf 89' lang='lat' dir='ltr'>cogitatum</span> <span class='ocrx_word' id='word_1_36' title='bbox 1120 972 1183 1016; x_wconf 94' lang='lat' dir='ltr'>non</span> <span class='ocrx_word' id='word_1_37' title='bbox 1208 951 1297 1017; x_wconf 84' lang='lat' dir='ltr'>diffe-</span> 
     </span>
     <span class='ocr_line' id='line_1_6' title="bbox 125 1057 1297 1142; baseline -0.001 -18"><span class='ocrx_word' id='word_1_38' title='bbox 125 1067 207 1125; x_wconf 86' lang='lat' dir='ltr'>runt.</span> <span class='ocrx_word' id='word_1_39' title='bbox 254 1061 395 1124; x_wconf 91' lang='lat' dir='ltr'>Primum</span> <span class='ocrx_word' id='word_1_40' title='bbox 426 1057 505 1121; x_wconf 92' lang='lat' dir='ltr'>illud</span> <span class='ocrx_word' id='word_1_41' title='bbox 529 1058 720 1142; x_wconf 85' lang='lat' dir='ltr'>principium</span> <span class='ocrx_word' id='word_1_42' title='bbox 745 1077 816 1122; x_wconf 91' lang='lat' dir='ltr'>eum</span> <span class='ocrx_word' id='word_1_43' title='bbox 840 1077 874 1123; x_wconf 90' lang='lat' dir='ltr'>se</span> <span class='ocrx_word' id='word_1_44' title='bbox 898 1059 1002 1142; x_wconf 84' lang='lat' dir='ltr'>ipsum</span> <span class='ocrx_word' id='word_1_45' title='bbox 1026 1059 1165 1122; x_wconf 91' lang='lat' dir='ltr'>intuetur</span> <span class='ocrx_word' id='word_1_46' title='bbox 1190 1059 1240 1124; x_wconf 89' lang='lat' dir='ltr'>vel</span> <span class='ocrx_word' id='word_1_47' title='bbox 1265 1060 1297 1123; x_wconf 96' lang='lat' dir='ltr'>in</span> 
     </span>
     <span class='ocr_line' id='line_1_7' title="bbox 125 1165 1318 1252; baseline -0.003 -18"><span class='ocrx_word' id='word_1_48' title='bbox 125 1188 159 1234; x_wconf 89' lang='grc' dir='ltr'>εθ</span> <span class='ocrx_word' id='word_1_49' title='bbox 182 1167 285 1252; x_wconf 92' lang='lat' dir='ltr'>ipsum</span> <span class='ocrx_word' id='word_1_50' title='bbox 311 1166 402 1248; x_wconf 87' lang='lat' dir='ltr'>quasi</span> <span class='ocrx_word' id='word_1_51' title='bbox 426 1165 605 1246; x_wconf 86' lang='lat' dir='ltr'>revertitur,</span> <span class='ocrx_word' id='word_1_52' title='bbox 629 1169 771 1228; x_wconf 81' lang='lat' dir='ltr'>mentem</span> <span class='ocrx_word' id='word_1_53' title='bbox 790 1165 896 1247; x_wconf 90' lang='lat' dir='ltr'>gignit</span> <span class='ocrx_word' id='word_1_54' title='bbox 905 1166 941 1243; x_wconf 70' lang='grc'>2).</span> <span class='ocrx_word' id='word_1_55' title='bbox 990 1165 1078 1230; x_wconf 89' lang='lat' dir='ltr'>Mens</span> <span class='ocrx_word' id='word_1_56' title='bbox 1099 1171 1205 1230; x_wconf 90' lang='lat' dir='ltr'>autem</span> <span class='ocrx_word' id='word_1_57' title='bbox 1230 1166 1318 1230; x_wconf 88' lang='lat' dir='ltr'>sive.</span> 
     </span>
     <span class='ocr_line' id='line_1_8' title="bbox 125 1269 1297 1356; baseline 0.001 -19"><span class='ocrx_word' id='word_1_58' title='bbox 125 1274 307 1339; x_wconf 88' lang='lat' dir='ltr'>intellectus</span> <span class='ocrx_word' id='word_1_59' title='bbox 324 1279 372 1337; x_wconf 90' lang='lat' dir='ltr'>est</span> <span class='ocrx_word' id='word_1_60' title='bbox 388 1270 473 1335; x_wconf 90' lang='lat' dir='ltr'>idem</span> <span class='ocrx_word' id='word_1_61' title='bbox 490 1277 587 1352; x_wconf 91' lang='lat' dir='ltr'>atque</span> <span class='ocrx_word' id='word_1_62' title='bbox 603 1269 740 1335; x_wconf 92' lang='lat' dir='ltr'>mundus</span> <span class='ocrx_word' id='word_1_63' title='bbox 756 1271 968 1353; x_wconf 88' lang='lat' dir='ltr'>intelligibilis</span> <span class='ocrx_word' id='word_1_64' title='bbox 986 1271 1121 1354; x_wconf 83' lang='grc' dir='ltr'><strong><em>(κόσμος</em></strong></span> <span class='ocrx_word' id='word_1_65' title='bbox 1133 1271 1297 1356; x_wconf 53' lang='grc' dir='ltr'><strong><em>νοητόςλῖ).</em></strong></span> 
     </span>
     <span class='ocr_line' id='line_1_9' title="bbox 125 1377 1298 1460; baseline 0 -16"><span class='ocrx_word' id='word_1_66' title='bbox 125 1383 161 1446; x_wconf 93' lang='lat' dir='ltr'>In</span> <span class='ocrx_word' id='word_1_67' title='bbox 186 1401 223 1446; x_wconf 92' lang='lat' dir='ltr'>eo</span> <span class='ocrx_word' id='word_1_68' title='bbox 247 1377 364 1444; x_wconf 93' lang='lat' dir='ltr'>mundo</span> <span class='ocrx_word' id='word_1_69' title='bbox 388 1379 495 1443; x_wconf 92' lang='lat' dir='ltr'>insunt</span> <span class='ocrx_word' id='word_1_70' title='bbox 518 1377 656 1442; x_wconf 92' lang='lat' dir='ltr'>omnium</span> <span class='ocrx_word' id='word_1_71' title='bbox 681 1397 797 1460; x_wconf 90' lang='lat' dir='ltr'>rerum,</span> <span class='ocrx_word' id='word_1_72' title='bbox 822 1383 976 1459; x_wconf 84' lang='lat' dir='ltr'><strong>quotquot</strong></span> <span class='ocrx_word' id='word_1_73' title='bbox 1004 1383 1087 1460; x_wconf 89' lang='lat' dir='ltr'>sunt,</span> <span class='ocrx_word' id='word_1_74' title='bbox 1112 1377 1205 1444; x_wconf 80' lang='lat' dir='ltr'>ideae</span> <span class='ocrx_word' id='word_1_75' title='bbox 1229 1379 1298 1445; x_wconf 88' lang='lat' dir='ltr'>sive</span> 
     </span>
     <span class='ocr_line' id='line_1_10' title="bbox 124 1483 1298 1568; baseline -0.003 -14"><span class='ocrx_word' id='word_1_76' title='bbox 124 1487 270 1554; x_wconf 89' lang='lat' dir='ltr'>omnibus</span> <span class='ocrx_word' id='word_1_77' title='bbox 293 1487 432 1550; x_wconf 85' lang='lat' dir='ltr'>numeris</span> <span class='ocrx_word' id='word_1_78' title='bbox 456 1483 623 1549; x_wconf 84' lang='lat' dir='ltr'>absolutae</span> <span class='ocrx_word' id='word_1_79' title='bbox 647 1503 866 1568; x_wconf 87' lang='lat' dir='ltr'>perennesque</span> <span class='ocrx_word' id='word_1_80' title='bbox 883 1501 987 1548; x_wconf 90' lang='lat' dir='ltr'>rerum</span> <span class='ocrx_word' id='word_1_81' title='bbox 1004 1483 1172 1568; x_wconf 72' lang='lat' dir='ltr'>speeies4).</span> <span class='ocrx_word' id='word_1_82' title='bbox 1208 1485 1298 1562; x_wconf 74' lang='lat' dir='ltr'>Quae</span> 
     </span>
     <span class='ocr_line' id='line_1_11' title="bbox 124 1590 1296 1680; baseline -0.003 -21"><span class='ocrx_word' id='word_1_83' title='bbox 124 1594 248 1680; x_wconf 87' lang='lat' dir='ltr'>speeies</span> <span class='ocrx_word' id='word_1_84' title='bbox 275 1594 365 1678; x_wconf 83' lang='lat' dir='ltr'>ipsae</span> <span class='ocrx_word' id='word_1_85' title='bbox 388 1597 461 1657; x_wconf 90' lang='lat' dir='ltr'>sunt</span> <span class='ocrx_word' id='word_1_86' title='bbox 484 1591 628 1674; x_wconf 84' lang='lat' dir='ltr'>singulae</span> <span class='ocrx_word' id='word_1_87' title='bbox 653 1590 896 1674; x_wconf 82' lang='lat' dir='ltr'>intelligentiae,</span> <span class='ocrx_word' id='word_1_88' title='bbox 931 1611 1064 1673; x_wconf 92' lang='lat' dir='ltr'>quarum</span> <span class='ocrx_word' id='word_1_89' title='bbox 1087 1592 1296 1657; x_wconf 86' lang='lat' dir='ltr'>universitate</span> 
     </span>
     <span class='ocr_line' id='line_1_12' title="bbox 124 1697 1299 1782; baseline -0.001 -16"><span class='ocrx_word' id='word_1_90' title='bbox 124 1701 303 1766; x_wconf 89' lang='lat' dir='ltr'>continetur</span> <span class='ocrx_word' id='word_1_91' title='bbox 326 1699 538 1781; x_wconf 85' lang='lat' dir='ltr'>intelligentia</span> <span class='ocrx_word' id='word_1_92' title='bbox 561 1698 753 1782; x_wconf 81' lang='lat' dir='ltr'>suprema5).</span> <span class='ocrx_word' id='word_1_93' title='bbox 802 1697 916 1781; x_wconf 87' lang='lat' dir='ltr'>Unum,</span> <span class='ocrx_word' id='word_1_94' title='bbox 941 1704 1111 1782; x_wconf 90' lang='lat' dir='ltr'>propterea</span> <span class='ocrx_word' id='word_1_95' title='bbox 1141 1697 1299 1780; x_wconf 90' lang='lat' dir='ltr'>quodvis</span> 
     </span>
     <span class='ocr_line' id='line_1_13' title="bbox 123 1804 1298 1892; baseline -0.001 -20"><span class='ocrx_word' id='word_1_96' title='bbox 123 1809 195 1892; x_wconf 87' lang='lat' dir='ltr'>ipsa</span> <span class='ocrx_word' id='word_1_97' title='bbox 218 1813 276 1889; x_wconf 89' lang='lat' dir='ltr'>est,</span> <span class='ocrx_word' id='word_1_98' title='bbox 310 1805 476 1889; x_wconf 89' lang='lat' dir='ltr'>cognoscit</span> <span class='ocrx_word' id='word_1_99' title='bbox 509 1825 566 1889; x_wconf 89' lang='lat' dir='ltr'>per</span> <span class='ocrx_word' id='word_1_100' title='bbox 601 1810 738 1869; x_wconf 89' lang='lat' dir='ltr'>mentem</span> <span class='ocrx_word' id='word_1_101' title='bbox 767 1806 863 1887; x_wconf 90' lang='lat' dir='ltr'>vires,</span> <span class='ocrx_word' id='word_1_102' title='bbox 898 1825 979 1886; x_wconf 91' lang='lat' dir='ltr'>quae</span> <span class='ocrx_word' id='word_1_103' title='bbox 1011 1807 1044 1868; x_wconf 90' lang='lat' dir='ltr'>in</span> <span class='ocrx_word' id='word_1_104' title='bbox 1076 1804 1147 1890; x_wconf 91' lang='lat' dir='ltr'>ipso</span> <span class='ocrx_word' id='word_1_105' title='bbox 1180 1805 1298 1871; x_wconf 89' lang='lat' dir='ltr'>insunt.</span> 
     </span>
     <span class='ocr_line' id='line_1_14' title="bbox 124 1909 1296 1998; baseline -0.001 -18"><span class='ocrx_word' id='word_1_106' title='bbox 124 1915 223 1980; x_wconf 88' lang='lat' dir='ltr'>Ideae</span> <span class='ocrx_word' id='word_1_107' title='bbox 258 1915 298 1979; x_wconf 86' lang='lat' dir='ltr'>ab</span> <span class='ocrx_word' id='word_1_108' title='bbox 334 1915 403 1998; x_wconf 89' lang='lat' dir='ltr'>ipso</span> <span class='ocrx_word' id='word_1_109' title='bbox 438 1918 588 1976; x_wconf 88' lang='lat' dir='ltr'>emanant</span> <span class='ocrx_word' id='word_1_110' title='bbox 620 1911 704 1976; x_wconf 88' lang='lat' dir='ltr'>sieut</span> <span class='ocrx_word' id='word_1_111' title='bbox 736 1909 818 1975; x_wconf 92' lang='lat' dir='ltr'>radii</span> <span class='ocrx_word' id='word_1_112' title='bbox 842 1931 860 1975; x_wconf 91' lang='grc' dir='ltr'>θ</span> <span class='ocrx_word' id='word_1_113' title='bbox 884 1912 962 1977; x_wconf 85' lang='grc' dir='ltr'>εοῖθ.</span> <span class='ocrx_word' id='word_1_114' title='bbox 1010 1911 1173 1995; x_wconf 83' lang='lat' dir='ltr'>Quidquid</span> <span class='ocrx_word' id='word_1_115' title='bbox 1202 1914 1235 1978; x_wconf 92' lang='lat' dir='ltr'>in</span> <span class='ocrx_word' id='word_1_116' title='bbox 1259 1935 1296 1980; x_wconf 90' lang='lat' dir='ltr'>eo</span> 
     </span>
     <span class='ocr_line' id='line_1_15' title="bbox 123 2017 1298 2103; baseline 0 -17"><span class='ocrx_word' id='word_1_117' title='bbox 123 2020 241 2086; x_wconf 91' lang='lat' dir='ltr'>mundo</span> <span class='ocrx_word' id='word_1_118' title='bbox 274 2019 468 2103; x_wconf 91' lang='lat' dir='ltr'>intelligibili</span> <span class='ocrx_word' id='word_1_119' title='bbox 502 2018 638 2100; x_wconf 87' lang='lat' dir='ltr'>habitat,</span> <span class='ocrx_word' id='word_1_120' title='bbox 671 2018 786 2083; x_wconf 89' lang='lat' dir='ltr'>nullius</span> <span class='ocrx_word' id='word_1_121' title='bbox 819 2019 865 2083; x_wconf 90' lang='lat' dir='ltr'>rei</span> <span class='ocrx_word' id='word_1_122' title='bbox 894 2023 942 2089; x_wconf 86' lang='lat' dir='ltr'>est</span> <span class='ocrx_word' id='word_1_123' title='bbox 965 2017 1124 2102; x_wconf 89' lang='lat' dir='ltr'>indigens,</span> <span class='ocrx_word' id='word_1_124' title='bbox 1156 2020 1213 2085; x_wconf 91' lang='lat' dir='ltr'>sed</span> <span class='ocrx_word' id='word_1_125' title='bbox 1238 2023 1298 2086; x_wconf 93' lang='lat' dir='ltr'>sibi</span> 
     </span>
     <span class='ocr_line' id='line_1_16' title="bbox 124 2125 1297 2213; baseline 0 -20"><span class='ocrx_word' id='word_1_126' title='bbox 124 2131 228 2213; x_wconf 86' lang='lat' dir='ltr'>ipsum</span> <span class='ocrx_word' id='word_1_127' title='bbox 252 2127 410 2192; x_wconf 87' lang='lat' dir='ltr'>sufficiens</span> <span class='ocrx_word' id='word_1_128' title='bbox 434 2129 543 2190; x_wconf 90' lang='lat' dir='ltr'>manet</span> <span class='ocrx_word' id='word_1_129' title='bbox 566 2127 598 2190; x_wconf 94' lang='lat' dir='ltr'>in</span> <span class='ocrx_word' id='word_1_130' title='bbox 622 2145 656 2190; x_wconf 91' lang='lat' dir='ltr'>se</span> <span class='ocrx_word' id='word_1_131' title='bbox 681 2132 712 2190; x_wconf 94' lang='lat' dir='ltr'>et</span> <span class='ocrx_word' id='word_1_132' title='bbox 729 2125 864 2207; x_wconf 85' lang='lat' dir='ltr'>quiescit</span> <span class='ocrx_word' id='word_1_133' title='bbox 888 2132 1051 2208; x_wconf 89' lang='lat' dir='ltr'>tamquam</span> <span class='ocrx_word' id='word_1_134' title='bbox 1068 2125 1297 2193; x_wconf 87' lang='lat' dir='ltr'>beatissimum.</span> 
     </span>
     <span class='ocr_line' id='line_1_17' title="bbox 124 2231 1298 2318; baseline -0.002 -18"><span class='ocrx_word' id='word_1_135' title='bbox 124 2237 183 2300; x_wconf 84' lang='lat' dir='ltr'>Est</span> <span class='ocrx_word' id='word_1_136' title='bbox 216 2235 314 2318; x_wconf 89' lang='lat' dir='ltr'>igitur</span> <span class='ocrx_word' id='word_1_137' title='bbox 348 2234 401 2299; x_wconf 93' lang='lat' dir='ltr'>ille</span> <span class='ocrx_word' id='word_1_138' title='bbox 424 2232 677 2302; x_wconf 78' lang='lat' dir='ltr'>mundusverus</span> <span class='ocrx_word' id='word_1_139' title='bbox 702 2238 734 2296; x_wconf 87' lang='lat' dir='ltr'>et</span> <span class='ocrx_word' id='word_1_140' title='bbox 761 2233 882 2316; x_wconf 90' lang='lat' dir='ltr'>primus</span> <span class='ocrx_word' id='word_1_141' title='bbox 915 2231 1061 2314; x_wconf 88' lang='lat' dir='ltr'>mundus,</span> <span class='ocrx_word' id='word_1_142' title='bbox 1098 2233 1183 2315; x_wconf 94' lang='lat' dir='ltr'>quod</span> <span class='ocrx_word' id='word_1_143' title='bbox 1217 2255 1298 2299; x_wconf 91' lang='lat' dir='ltr'>com·</span> 
     </span>
     <span class='ocr_line' id='line_1_18' title="bbox 125 2339 1298 2427; baseline -0.001 -20"><span class='ocrx_word' id='word_1_144' title='bbox 125 2343 276 2427; x_wconf 80' lang='lat' dir='ltr'>plectitur</span> <span class='ocrx_word' id='word_1_145' title='bbox 293 2341 399 2405; x_wconf 92' lang='lat' dir='ltr'>omnia</span> <span class='ocrx_word' id='word_1_146' title='bbox 415 2340 618 2421; x_wconf 87' lang='lat' dir='ltr'>immortalia,</span> <span class='ocrx_word' id='word_1_147' title='bbox 642 2339 838 2404; x_wconf 90' lang='lat' dir='ltr'>intellectum</span> <span class='ocrx_word' id='word_1_148' title='bbox 855 2359 990 2421; x_wconf 88' lang='lat' dir='ltr'>omnem,</span> <span class='ocrx_word' id='word_1_149' title='bbox 1015 2360 1140 2405; x_wconf 93' lang='lat' dir='ltr'>omnem</span> <span class='ocrx_word' id='word_1_150' title='bbox 1158 2342 1298 2406; x_wconf 91' lang='lat' dir='ltr'>animam</span> 
     </span>
     <span class='ocr_line' id='line_1_19' title="bbox 125 2445 1299 2532; baseline 0 -18"><span class='ocrx_word' id='word_1_151' title='bbox 125 2469 227 2532; x_wconf 91' lang='lat' dir='ltr'>eaque</span> <span class='ocrx_word' id='word_1_152' title='bbox 251 2449 357 2513; x_wconf 90' lang='lat' dir='ltr'>omnia</span> <span class='ocrx_word' id='word_1_153' title='bbox 380 2448 543 2531; x_wconf 88' lang='lat' dir='ltr'>perennia.</span> <span class='ocrx_word' id='word_1_154' title='bbox 591 2445 681 2510; x_wconf 88' lang='lat' dir='ltr'>Idem</span> <span class='ocrx_word' id='word_1_155' title='bbox 706 2445 841 2510; x_wconf 89' lang='lat' dir='ltr'>mundus</span> <span class='ocrx_word' id='word_1_156' title='bbox 857 2453 905 2512; x_wconf 88' lang='lat' dir='ltr'>est</span> <span class='ocrx_word' id='word_1_157' title='bbox 922 2448 1086 2531; x_wconf 89' lang='lat' dir='ltr'>exemplar</span> <span class='ocrx_word' id='word_1_158' title='bbox 1102 2447 1212 2512; x_wconf 91' lang='lat' dir='ltr'>mundi</span> <span class='ocrx_word' id='word_1_159' title='bbox 1229 2470 1299 2515; x_wconf 85' lang='lat' dir='ltr'>sen·</span> 
     </span>
     <span class='ocr_line' id='line_1_20' title="bbox 125 2553 1300 2638; baseline -0.002 -16"><span class='ocrx_word' id='word_1_160' title='bbox 125 2557 268 2636; x_wconf 71' lang='lat' dir='ltr'>sibilisi).</span> <span class='ocrx_word' id='word_1_161' title='bbox 318 2555 534 2636; x_wconf 79' lang='lat' dir='ltr'>Quaecunque</span> <span class='ocrx_word' id='word_1_162' title='bbox 558 2555 641 2620; x_wconf 89' lang='lat' dir='ltr'>enim</span> <span class='ocrx_word' id='word_1_163' title='bbox 666 2560 737 2619; x_wconf 88' lang='lat' dir='ltr'>sunt</span> <span class='ocrx_word' id='word_1_164' title='bbox 761 2553 884 2636; x_wconf 89' lang='lat' dir='ltr'>stellae,</span> <span class='ocrx_word' id='word_1_165' title='bbox 921 2561 1037 2636; x_wconf 89' lang='lat' dir='ltr'>terrae,</span> <span class='ocrx_word' id='word_1_166' title='bbox 1062 2554 1202 2638; x_wconf 89' lang='lat' dir='ltr'>plantae,</span> <span class='ocrx_word' id='word_1_167' title='bbox 1235 2559 1300 2620; x_wconf 91' lang='lat' dir='ltr'>ani-</span> 
     </span>
    </p>
   </div>
   <div class='ocr_carea' id='block_1_3' title="bbox 124 2660 1359 3173">
    <p class='ocr_par' dir='ltr' id='par_1_3' title="bbox 124 2660 1359 2854">
     <span class='ocr_line' id='line_1_21' title="bbox 124 2660 1359 2754; baseline 0.001 -28"><span class='ocrx_word' id='word_1_168' title='bbox 124 2663 231 2744; x_wconf 92' lang='lat' dir='ltr'>malia,</span> <span class='ocrx_word' id='word_1_169' title='bbox 261 2663 400 2754; x_wconf 90' lang='lat' dir='ltr'>flumina,</span> <span class='ocrx_word' id='word_1_170' title='bbox 426 2661 528 2726; x_wconf 91' lang='lat' dir='ltr'>maria</span> <span class='ocrx_word' id='word_1_171' title='bbox 554 2699 583 2706; x_wconf 92' lang='lat'><em>-</em></span> <span class='ocrx_word' id='word_1_172' title='bbox 617 2661 673 2725; x_wconf 88' lang='lat' dir='ltr'>illa</span> <span class='ocrx_word' id='word_1_173' title='bbox 696 2661 802 2726; x_wconf 92' lang='lat' dir='ltr'>omnia</span> <span class='ocrx_word' id='word_1_174' title='bbox 835 2660 878 2726; x_wconf 92' lang='lat' dir='ltr'>ad</span> <span class='ocrx_word' id='word_1_175' title='bbox 910 2660 1160 2744; x_wconf 91' lang='lat' dir='ltr'>intelligibilium</span> <span class='ocrx_word' id='word_1_176' title='bbox 1193 2682 1299 2727; x_wconf 90' lang='lat' dir='ltr'>rerum</span> <span class='ocrx_word' id='word_1_177' title='bbox 1356 2745 1359 2752; x_wconf 18' lang='grc' dir='ltr'><strong>Δ</strong></span> 
     </span>
     <span class='ocr_line' id='line_1_22' title="bbox 126 2770 588 2854; baseline -0.009 -20"><span class='ocrx_word' id='word_1_178' title='bbox 126 2770 307 2854; x_wconf 86' lang='lat' dir='ltr'>exemplum</span> <span class='ocrx_word' id='word_1_179' title='bbox 331 2775 403 2834; x_wconf 90' lang='lat' dir='ltr'>sunt</span> <span class='ocrx_word' id='word_1_180' title='bbox 427 2788 588 2853; x_wconf 86' lang='lat' dir='ltr'>expressa.</span> 
     </span>
    </p>

    <p class='ocr_par' dir='ltr' id='par_1_4' title="bbox 125 2873 1299 3173">
     <span class='ocr_line' id='line_1_23' title="bbox 232 2873 1299 2959; baseline 0.001 -19"><span class='ocrx_word' id='word_1_181' title='bbox 232 2877 376 2940; x_wconf 88' lang='lat' dir='ltr'>Tertium</span> <span class='ocrx_word' id='word_1_182' title='bbox 410 2873 547 2956; x_wconf 89' lang='lat' dir='ltr'>denique</span> <span class='ocrx_word' id='word_1_183' title='bbox 580 2875 770 2959; x_wconf 92' lang='lat' dir='ltr'>principium</span> <span class='ocrx_word' id='word_1_184' title='bbox 804 2881 836 2940; x_wconf 87' lang='lat' dir='ltr'>et</span> <span class='ocrx_word' id='word_1_185' title='bbox 865 2873 1047 2940; x_wconf 78' lang='lat' dir='ltr'>intellectus</span> <span class='ocrx_word' id='word_1_186' title='bbox 1071 2875 1178 2959; x_wconf 91' lang='lat' dir='ltr'>imago</span> <span class='ocrx_word' id='word_1_187' title='bbox 1203 2897 1299 2958; x_wconf 91' lang='lat' dir='ltr'>quae-</span> 
     </span>
     <span class='ocr_line' id='line_1_24' title="bbox 125 2982 1298 3068; baseline -0.001 -20"><span class='ocrx_word' id='word_1_188' title='bbox 125 2983 200 3048; x_wconf 90' lang='lat' dir='ltr'>dam</span> <span class='ocrx_word' id='word_1_189' title='bbox 233 2990 281 3049; x_wconf 90' lang='lat' dir='ltr'>est</span> <span class='ocrx_word' id='word_1_190' title='bbox 314 2985 419 3048; x_wconf 90' lang='lat' dir='ltr'>anima</span> <span class='ocrx_word' id='word_1_191' title='bbox 455 2983 486 3067; x_wconf 80' lang='grc' dir='ltr'>(ἡ</span> <span class='ocrx_word' id='word_1_192' title='bbox 517 2982 670 3067; x_wconf 61' lang='lat' dir='ltr'>pnpilli.</span> <span class='ocrx_word' id='word_1_193' title='bbox 730 2982 822 3047; x_wconf 85' lang='lat' dir='ltr'>Sicut</span> <span class='ocrx_word' id='word_1_194' title='bbox 854 3002 943 3047; x_wconf 87' lang='lat' dir='ltr'>mens</span> <span class='ocrx_word' id='word_1_195' title='bbox 977 2983 1196 3068; x_wconf 78' lang='lat' dir='ltr'>imperfectior</span> <span class='ocrx_word' id='word_1_196' title='bbox 1229 2985 1298 3067; x_wconf 87' lang='lat' dir='ltr'>ipso</span> 
     </span>
     <span class='ocr_line' id='line_1_25' title="bbox 126 3088 1299 3173; baseline -0.002 -17"><span class='ocrx_word' id='word_1_197' title='bbox 126 3092 215 3156; x_wconf 91' lang='lat' dir='ltr'>Bono</span> <span class='ocrx_word' id='word_1_198' title='bbox 248 3096 305 3172; x_wconf 88' lang='lat' dir='ltr'>est,</span> <span class='ocrx_word' id='word_1_199' title='bbox 340 3092 386 3154; x_wconf 89' lang='lat' dir='ltr'>ita</span> <span class='ocrx_word' id='word_1_200' title='bbox 419 3092 526 3155; x_wconf 89' lang='lat' dir='ltr'>anima</span> <span class='ocrx_word' id='word_1_201' title='bbox 555 3096 662 3154; x_wconf 90' lang='lat' dir='ltr'>mente</span> <span class='ocrx_word' id='word_1_202' title='bbox 687 3095 735 3156; x_wconf 86' lang='lat' dir='ltr'>est</span> <span class='ocrx_word' id='word_1_203' title='bbox 759 3088 912 3170; x_wconf 80' lang='lat' dir='ltr'>deterior3</span> <span class='ocrx_word' id='word_1_204' title='bbox 953 3089 1036 3155; x_wconf 87' lang='lat' dir='ltr'>sicut</span> <span class='ocrx_word' id='word_1_205' title='bbox 1060 3110 1149 3154; x_wconf 87' lang='lat' dir='ltr'>mens</span> <span class='ocrx_word' id='word_1_206' title='bbox 1173 3089 1299 3173; x_wconf 88' lang='lat' dir='ltr'>indiget</span> 
     </span>
    </p>
   </div>
   <div class='ocr_carea' id='block_1_4' title="bbox 127 3213 188 3220">
    <p class='ocr_par' dir='ltr' id='par_1_5' title="bbox 127 3213 188 3220">
     <span class='ocr_line' id='line_1_26' title="bbox 127 3213 188 3220; baseline -0.033 0"><span class='ocrx_word' id='word_1_207' title='bbox 127 3213 188 3220; x_wconf 71' lang='lat'>..—</span> 
     </span>
    </p>
   </div>
   <div class='ocr_carea' id='block_1_5' title="bbox 124 3270 1300 4054">
    <p class='ocr_par' dir='ltr' id='par_1_6' title="bbox 233 3270 1154 3340">
     <span class='ocr_line' id='line_1_27' title="bbox 233 3270 1154 3340; baseline -0.001 -14"><span class='ocrx_word' id='word_1_208' title='bbox 233 3274 259 3336; x_wconf 84' lang='grc'>1)</span> <span class='ocrx_word' id='word_1_209' title='bbox 280 3273 354 3326; x_wconf 84' lang='lat' dir='ltr'>Eun.</span> <span class='ocrx_word' id='word_1_210' title='bbox 374 3271 408 3339; x_wconf 94' lang='lat' dir='ltr'>V,</span> <span class='ocrx_word' id='word_1_211' title='bbox 428 3273 451 3339; x_wconf 94' lang='lat'>1,</span> <span class='ocrx_word' id='word_1_212' title='bbox 472 3271 502 3324; x_wconf 85' lang='lat'>6:</span> <span class='ocrx_word' id='word_1_213' title='bbox 524 3272 644 3339; x_wconf 76' lang='grc' dir='ltr'><strong><em>μέγιστον</em></strong></span> <span class='ocrx_word' id='word_1_214' title='bbox 663 3270 691 3323; x_wconf 80' lang='grc' dir='ltr'>δὲ</span> <span class='ocrx_word' id='word_1_215' title='bbox 708 3271 765 3337; x_wconf 86' lang='grc' dir='ltr'><strong><em>μετ’</em></strong></span> <span class='ocrx_word' id='word_1_216' title='bbox 785 3271 863 3324; x_wconf 86' lang='grc' dir='ltr'><strong><em>αὐτὸν</em></strong></span> <span class='ocrx_word' id='word_1_217' title='bbox 882 3279 943 3330; x_wconf 98' lang='grc' dir='ltr'><strong><em>νοῦς</em></strong></span> <span class='ocrx_word' id='word_1_218' title='bbox 962 3272 1007 3324; x_wconf 85' lang='grc' dir='ltr'>καὶ</span> <span class='ocrx_word' id='word_1_219' title='bbox 1026 3272 1154 3340; x_wconf 81' lang='grc' dir='ltr'><strong><em>δεύτερον.</em></strong></span> 
     </span>
    </p>

    <p class='ocr_par' dir='ltr' id='par_1_7' title="bbox 124 3359 1299 3786">
     <span class='ocr_line' id='line_1_28' title="bbox 230 3359 1298 3431; baseline 0 -15"><span class='ocrx_word' id='word_1_220' title='bbox 230 3362 258 3430; x_wconf 79' lang='grc'>2)</span> <span class='ocrx_word' id='word_1_221' title='bbox 278 3363 353 3416; x_wconf 86' lang='lat' dir='ltr'>Enn.</span> <span class='ocrx_word' id='word_1_222' title='bbox 373 3361 407 3425; x_wconf 91' lang='lat' dir='ltr'>V,</span> <span class='ocrx_word' id='word_1_223' title='bbox 427 3362 451 3429; x_wconf 90' lang='lat' dir='ltr'>l,</span> <span class='ocrx_word' id='word_1_224' title='bbox 471 3361 500 3414; x_wconf 75' lang='grc' dir='ltr'>’λε</span> <span class='ocrx_word' id='word_1_225' title='bbox 528 3362 595 3419; x_wconf 88' lang='grc' dir='ltr'>Πῶς</span> <span class='ocrx_word' id='word_1_226' title='bbox 620 3359 667 3413; x_wconf 86' lang='grc' dir='ltr'>οὖν</span> <span class='ocrx_word' id='word_1_227' title='bbox 697 3368 758 3413; x_wconf 83' lang='grc' dir='ltr'>νοῦν</span> <span class='ocrx_word' id='word_1_228' title='bbox 788 3369 864 3428; x_wconf 77' lang='grc' dir='ltr'><strong><em>γεννᾷ</em></strong></span> <span class='ocrx_word' id='word_1_229' title='bbox 871 3376 884 3427; x_wconf 91' lang='lat'>,·</span> <span class='ocrx_word' id='word_1_230' title='bbox 911 3361 984 3429; x_wconf 85' lang='grc' dir='ltr'><strong><em>ἢὸτι</em></strong></span> <span class='ocrx_word' id='word_1_231' title='bbox 1009 3369 1040 3429; x_wconf 83' lang='grc' dir='ltr'><strong><em>τῇ</em></strong></span> <span class='ocrx_word' id='word_1_232' title='bbox 1064 3361 1210 3431; x_wconf 81' lang='grc' dir='ltr'><strong><em>ἐπιστροφῇ</em></strong></span> <span class='ocrx_word' id='word_1_233' title='bbox 1232 3363 1298 3431; x_wconf 82' lang='grc' dir='ltr'><strong><em>πρὸς</em></strong></span> 
     </span>
     <span class='ocr_line' id='line_1_29' title="bbox 125 3449 1299 3520; baseline -0.001 -14"><span class='ocrx_word' id='word_1_234' title='bbox 125 3453 188 3506; x_wconf 84' lang='grc' dir='ltr'><strong><em>αὐτὸ</em></strong></span> <span class='ocrx_word' id='word_1_235' title='bbox 207 3453 291 3520; x_wconf 84' lang='grc' dir='ltr'><strong><em>ἑώρα·</em></strong></span> <span class='ocrx_word' id='word_1_236' title='bbox 320 3451 385 3520; x_wconf 80' lang='grc' dir='ltr'>ἡδὲ</span> <span class='ocrx_word' id='word_1_237' title='bbox 408 3453 497 3519; x_wconf 85' lang='grc' dir='ltr'><strong><em>ὅρασις</em></strong></span> <span class='ocrx_word' id='word_1_238' title='bbox 520 3452 585 3519; x_wconf 84' lang='grc' dir='ltr'><strong><em>αὕτη</em></strong></span> <span class='ocrx_word' id='word_1_239' title='bbox 605 3459 673 3510; x_wconf 82' lang='grc' dir='ltr'><strong><em>νοῦς.</em></strong></span> <span class='ocrx_word' id='word_1_240' title='bbox 705 3449 737 3517; x_wconf 88' lang='lat' dir='ltr'>V,</span> <span class='ocrx_word' id='word_1_241' title='bbox 758 3450 782 3514; x_wconf 74' lang='lat'>2,</span> <span class='ocrx_word' id='word_1_242' title='bbox 803 3451 831 3504; x_wconf 90' lang='lat' dir='ltr'>l:</span> <span class='ocrx_word' id='word_1_243' title='bbox 859 3450 905 3504; x_wconf 84' lang='grc' dir='ltr'>καὶ</span> <span class='ocrx_word' id='word_1_244' title='bbox 927 3449 954 3504; x_wconf 86' lang='grc' dir='ltr'><strong><em>τὸ</em></strong></span> <span class='ocrx_word' id='word_1_245' title='bbox 973 3451 1136 3520; x_wconf 85' lang='grc' dir='ltr'><strong><em>ῦπέρπληρες</em></strong></span> <span class='ocrx_word' id='word_1_246' title='bbox 1154 3451 1234 3505; x_wconf 80' lang='grc' dir='ltr'><strong><em>αὐτοῦ</em></strong></span> <span class='ocrx_word' id='word_1_247' title='bbox 1252 3473 1299 3505; x_wconf 85' lang='grc' dir='ltr'>πε-</span> 
     </span>
     <span class='ocr_line' id='line_1_30' title="bbox 124 3539 1299 3610; baseline -0.001 -16"><span class='ocrx_word' id='word_1_248' title='bbox 124 3543 235 3610; x_wconf 84' lang='grc' dir='ltr'><strong><em>ποίηκεν</em></strong></span> <span class='ocrx_word' id='word_1_249' title='bbox 252 3541 324 3604; x_wconf 81' lang='grc' dir='ltr'><strong><em>ἄλλο,</em></strong></span> <span class='ocrx_word' id='word_1_250' title='bbox 343 3539 372 3593; x_wconf 82' lang='grc' dir='ltr'><strong><em>τὸ</em></strong></span> <span class='ocrx_word' id='word_1_251' title='bbox 391 3540 420 3592; x_wconf 80' lang='grc' dir='ltr'>δὲ</span> <span class='ocrx_word' id='word_1_252' title='bbox 438 3543 575 3608; x_wconf 81' lang='grc' dir='ltr'><strong><em>γενόμενον</em></strong></span> <span class='ocrx_word' id='word_1_253' title='bbox 595 3541 631 3598; x_wconf 82' lang='grc' dir='ltr'>εἰς</span> <span class='ocrx_word' id='word_1_254' title='bbox 652 3539 714 3593; x_wconf 81' lang='grc' dir='ltr'><strong><em>αὐτὸ</em></strong></span> <span class='ocrx_word' id='word_1_255' title='bbox 733 3540 884 3608; x_wconf 76' lang='grc' dir='ltr'><strong><em>ἐπεστράφη</em></strong></span> <span class='ocrx_word' id='word_1_256' title='bbox 904 3540 949 3594; x_wconf 85' lang='grc' dir='ltr'>καὶ</span> <span class='ocrx_word' id='word_1_257' title='bbox 968 3540 1115 3608; x_wconf 73' lang='grc' dir='ltr'>ἐπληρώθη</span> <span class='ocrx_word' id='word_1_258' title='bbox 1135 3540 1180 3593; x_wconf 86' lang='grc' dir='ltr'><strong><em>καί</em></strong></span> <span class='ocrx_word' id='word_1_259' title='bbox 1199 3541 1299 3608; x_wconf 81' lang='grc' dir='ltr'><strong><em>ἐγένετο</em></strong></span> 
     </span>
     <span class='ocr_line' id='line_1_31' title="bbox 124 3628 1299 3698; baseline -0.001 -15"><span class='ocrx_word' id='word_1_260' title='bbox 124 3631 190 3698; x_wconf 87' lang='grc' dir='ltr'><strong><em>πρὸς</em></strong></span> <span class='ocrx_word' id='word_1_261' title='bbox 209 3629 271 3682; x_wconf 81' lang='grc' dir='ltr'><strong><em>αὐτὸ</em></strong></span> <span class='ocrx_word' id='word_1_262' title='bbox 289 3630 393 3698; x_wconf 80' lang='grc' dir='ltr'><strong><em>βλέπον,</em></strong></span> <span class='ocrx_word' id='word_1_263' title='bbox 423 3630 468 3682; x_wconf 84' lang='grc' dir='ltr'>καὶ</span> <span class='ocrx_word' id='word_1_264' title='bbox 490 3638 551 3688; x_wconf 86' lang='grc' dir='ltr'><strong><em>νοῦς</em></strong></span> <span class='ocrx_word' id='word_1_265' title='bbox 570 3630 663 3687; x_wconf 87' lang='grc' dir='ltr'><strong><em>οὗτος·</em></strong></span> <span class='ocrx_word' id='word_1_266' title='bbox 693 3630 737 3682; x_wconf 87' lang='grc' dir='ltr'>καὶ</span> <span class='ocrx_word' id='word_1_267' title='bbox 761 3630 777 3697; x_wconf 83' lang='grc' dir='ltr'><em>ἡ</em></span> <span class='ocrx_word' id='word_1_268' title='bbox 798 3628 847 3696; x_wconf 78' lang='grc' dir='ltr'>μὲν</span> <span class='ocrx_word' id='word_1_269' title='bbox 869 3629 935 3698; x_wconf 85' lang='grc' dir='ltr'><strong><em>πρὸς</em></strong></span> <span class='ocrx_word' id='word_1_270' title='bbox 959 3629 1044 3682; x_wconf 85' lang='grc' dir='ltr'><strong><em>ἐκεῖνο</em></strong></span> <span class='ocrx_word' id='word_1_271' title='bbox 1062 3629 1151 3688; x_wconf 85' lang='grc' dir='ltr'><strong><em>στάσις</em></strong></span> <span class='ocrx_word' id='word_1_272' title='bbox 1171 3629 1299 3682; x_wconf 84' lang='grc' dir='ltr'><strong><em>αὐτοῦτὸ</em></strong></span> 
     </span>
     <span class='ocr_line' id='line_1_32' title="bbox 125 3716 769 3786; baseline -0.003 -14"><span class='ocrx_word' id='word_1_273' title='bbox 125 3720 155 3772; x_wconf 82' lang='grc' dir='ltr'>ὃν</span> <span class='ocrx_word' id='word_1_274' title='bbox 171 3719 300 3786; x_wconf 82' lang='grc' dir='ltr'><strong><em>ἐποίησεν,</em></strong></span> <span class='ocrx_word' id='word_1_275' title='bbox 321 3718 337 3786; x_wconf 83' lang='grc' dir='ltr'><em>ἡ</em></span> <span class='ocrx_word' id='word_1_276' title='bbox 357 3716 386 3769; x_wconf 78' lang='grc' dir='ltr'>δὲ</span> <span class='ocrx_word' id='word_1_277' title='bbox 404 3717 469 3784; x_wconf 83' lang='grc' dir='ltr'><strong><em>πρὸς</em></strong></span> <span class='ocrx_word' id='word_1_278' title='bbox 487 3718 551 3770; x_wconf 84' lang='grc' dir='ltr'><strong><em>αὐτὸ</em></strong></span> <span class='ocrx_word' id='word_1_279' title='bbox 569 3719 619 3770; x_wconf 77' lang='grc' dir='ltr'>θέα</span> <span class='ocrx_word' id='word_1_280' title='bbox 637 3718 681 3770; x_wconf 86' lang='grc' dir='ltr'><strong><em>τὸν</em></strong></span> <span class='ocrx_word' id='word_1_281' title='bbox 699 3726 769 3770; x_wconf 90' lang='grc' dir='ltr'><strong><em>νοῦν.</em></strong></span> 
     </span>
    </p>

    <p class='ocr_par' dir='ltr' id='par_1_8' title="bbox 128 3804 1300 3965">
     <span class='ocr_line' id='line_1_33' title="bbox 231 3804 1300 3876; baseline -0.001 -16"><span class='ocrx_word' id='word_1_282' title='bbox 231 3807 259 3876; x_wconf 87' lang='grc'>3)</span> <span class='ocrx_word' id='word_1_283' title='bbox 278 3807 322 3860; x_wconf 91' lang='lat' dir='ltr'>ib:</span> <span class='ocrx_word' id='word_1_284' title='bbox 353 3807 490 3874; x_wconf 76' lang='grc' dir='ltr'><strong><em>γενόμενον</em></strong></span> <span class='ocrx_word' id='word_1_285' title='bbox 509 3805 538 3858; x_wconf 82' lang='grc' dir='ltr'>δὲ</span> <span class='ocrx_word' id='word_1_286' title='bbox 558 3807 609 3873; x_wconf 75' lang='grc' dir='ltr'><strong><em>ἤδη</em></strong></span> <span class='ocrx_word' id='word_1_287' title='bbox 642 3807 692 3872; x_wconf 78' lang='lat' dir='ltr'>(sc.</span> <span class='ocrx_word' id='word_1_288' title='bbox 713 3805 757 3858; x_wconf 88' lang='grc' dir='ltr'>τὸν</span> <span class='ocrx_word' id='word_1_289' title='bbox 775 3807 848 3872; x_wconf 90' lang='grc' dir='ltr'><strong><em>νοῦν)</em></strong></span> <span class='ocrx_word' id='word_1_290' title='bbox 881 3806 910 3859; x_wconf 85' lang='grc' dir='ltr'><strong><em>τὰ</em></strong></span> <span class='ocrx_word' id='word_1_291' title='bbox 942 3808 1003 3859; x_wconf 85' lang='grc' dir='ltr'><strong><em>ὄντα</em></strong></span> <span class='ocrx_word' id='word_1_292' title='bbox 1034 3805 1117 3860; x_wconf 88' lang='grc' dir='ltr'><strong><em>πάντα</em></strong></span> <span class='ocrx_word' id='word_1_293' title='bbox 1149 3804 1197 3859; x_wconf 85' lang='grc' dir='ltr'>σὺν</span> <span class='ocrx_word' id='word_1_294' title='bbox 1229 3807 1300 3874; x_wconf 86' lang='grc' dir='ltr'><strong><em>αῦτῳ</em></strong></span> 
     </span>
     <span class='ocr_line' id='line_1_34' title="bbox 128 3904 253 3965; baseline 0.008 -16"><span class='ocrx_word' id='word_1_295' title='bbox 128 3904 253 3965; x_wconf 79' lang='grc' dir='ltr'><strong><em>γεννῆσαι.</em></strong></span> 
     </span>
    </p>

    <p class='ocr_par' dir='ltr' id='par_1_9' title="bbox 230 3983 552 4054">
     <span class='ocr_line' id='line_1_35' title="bbox 230 3983 552 4054; baseline -0.006 -16"><span class='ocrx_word' id='word_1_296' title='bbox 230 3983 552 4054; x_wconf 47' lang='grc' dir='ltr'>θώῇηῆῦῦ</span> 
     </span>
    </p>
   </div>
   <div class='ocr_carea' id='block_1_6' title="bbox 125 4069 1300 4406">
    <p class='ocr_par' dir='ltr' id='par_1_10' title="bbox 125 4069 1300 4321">
     <span class='ocr_line' id='line_1_36' title="bbox 231 4069 1300 4142; baseline -0.001 -16"><span class='ocrx_word' id='word_1_297' title='bbox 231 4074 258 4137; x_wconf 83' lang='grc'>5)</span> <span class='ocrx_word' id='word_1_298' title='bbox 278 4074 354 4127; x_wconf 86' lang='lat' dir='ltr'>Enn.</span> <span class='ocrx_word' id='word_1_299' title='bbox 374 4073 408 4142; x_wconf 92' lang='lat' dir='ltr'>V,</span> <span class='ocrx_word' id='word_1_300' title='bbox 427 4074 453 4140; x_wconf 88' lang='lat'>9,</span> <span class='ocrx_word' id='word_1_301' title='bbox 471 4073 501 4126; x_wconf 87' lang='lat'>8:</span> <span class='ocrx_word' id='word_1_302' title='bbox 530 4073 579 4140; x_wconf 79' lang='grc' dir='ltr'>οὐχ</span> <span class='ocrx_word' id='word_1_303' title='bbox 599 4071 673 4138; x_wconf 79' lang='grc' dir='ltr'><strong><em>ἑτέρα</em></strong></span> <span class='ocrx_word' id='word_1_304' title='bbox 693 4079 738 4124; x_wconf 93' lang='grc' dir='ltr'><strong><em>τοῦ</em></strong></span> <span class='ocrx_word' id='word_1_305' title='bbox 758 4079 805 4124; x_wconf 91' lang='grc' dir='ltr'>νοῦ</span> <span class='ocrx_word' id='word_1_306' title='bbox 824 4069 920 4138; x_wconf 81' lang='grc' dir='ltr'><strong><em>ἑκάστη</em></strong></span> <span class='ocrx_word' id='word_1_307' title='bbox 941 4070 1005 4136; x_wconf 81' lang='grc' dir='ltr'><em>ἰδέα,</em></span> <span class='ocrx_word' id='word_1_308' title='bbox 1038 4070 1093 4124; x_wconf 85' lang='grc' dir='ltr'><strong><em>ἀλλ’</em></strong></span> <span class='ocrx_word' id='word_1_309' title='bbox 1114 4071 1210 4138; x_wconf 80' lang='grc' dir='ltr'><strong><em>ἑκάστη</em></strong></span> <span class='ocrx_word' id='word_1_310' title='bbox 1230 4079 1300 4138; x_wconf 82' lang='grc' dir='ltr'><strong><em>νοῦς,</em></strong></span> 
     </span>
     <span class='ocr_line' id='line_1_37' title="bbox 125 4159 1300 4229; baseline -0.002 -13"><span class='ocrx_word' id='word_1_311' title='bbox 125 4163 171 4216; x_wconf 86' lang='grc' dir='ltr'>καὶ</span> <span class='ocrx_word' id='word_1_312' title='bbox 189 4162 248 4220; x_wconf 83' lang='grc' dir='ltr'><strong><em>ὅλος</em></strong></span> <span class='ocrx_word' id='word_1_313' title='bbox 266 4162 314 4228; x_wconf 78' lang='grc' dir='ltr'>μὲν</span> <span class='ocrx_word' id='word_1_314' title='bbox 333 4165 349 4216; x_wconf 88' lang='grc' dir='ltr'>ὁ</span> <span class='ocrx_word' id='word_1_315' title='bbox 365 4171 427 4222; x_wconf 88' lang='grc' dir='ltr'><strong><em>νοῦς</em></strong></span> <span class='ocrx_word' id='word_1_316' title='bbox 446 4162 476 4216; x_wconf 84' lang='grc' dir='ltr'><strong><em>τὰ</em></strong></span> <span class='ocrx_word' id='word_1_317' title='bbox 494 4163 577 4216; x_wconf 90' lang='grc' dir='ltr'><strong><em>πάντα</em></strong></span> <span class='ocrx_word' id='word_1_318' title='bbox 596 4162 667 4229; x_wconf 75' lang='grc' dir='ltr'><strong><em>εἴδη</em></strong></span> <span class='ocrx_word' id='word_1_319' title='bbox 687 4162 800 4215; x_wconf 84' lang='grc' dir='ltr'><strong><em>ἕκαστον</em></strong></span> <span class='ocrx_word' id='word_1_320' title='bbox 816 4159 845 4214; x_wconf 82' lang='grc' dir='ltr'>δὲ</span> <span class='ocrx_word' id='word_1_321' title='bbox 863 4159 933 4218; x_wconf 82' lang='grc' dir='ltr'><strong><em>εἶδος</em></strong></span> <span class='ocrx_word' id='word_1_322' title='bbox 952 4167 1013 4219; x_wconf 88' lang='grc' dir='ltr'><strong><em>νοῦς</em></strong></span> <span class='ocrx_word' id='word_1_323' title='bbox 1031 4160 1140 4219; x_wconf 85' lang='grc' dir='ltr'><strong><em>ἕκαστος</em></strong></span> <span class='ocrx_word' id='word_1_324' title='bbox 1160 4160 1197 4218; x_wconf 86' lang='grc' dir='ltr'>ὡς</span> <span class='ocrx_word' id='word_1_325' title='bbox 1216 4161 1233 4229; x_wconf 86' lang='grc' dir='ltr'><em>ἡ</em></span> <span class='ocrx_word' id='word_1_326' title='bbox 1253 4162 1300 4229; x_wconf 88' lang='grc' dir='ltr'><strong><em>ὅλη</em></strong></span> 
     </span>
     <span class='ocr_line' id='line_1_38' title="bbox 126 4250 595 4321; baseline 0 -17"><span class='ocrx_word' id='word_1_327' title='bbox 126 4250 255 4319; x_wconf 82' lang='grc' dir='ltr'><strong><em>ἐπιστήμη</em></strong></span> <span class='ocrx_word' id='word_1_328' title='bbox 275 4250 306 4304; x_wconf 86' lang='grc' dir='ltr'><strong><em>τὰ</em></strong></span> <span class='ocrx_word' id='word_1_329' title='bbox 323 4253 406 4305; x_wconf 87' lang='grc' dir='ltr'><strong><em>πάντα</em></strong></span> <span class='ocrx_word' id='word_1_330' title='bbox 425 4252 595 4321; x_wconf 71' lang='grc' dir='ltr'><strong><em>θεωρήματα.</em></strong></span> 
     </span>
    </p>

    <p class='ocr_par' dir='ltr' id='par_1_11' title="bbox 231 4327 613 4406">
     <span class='ocr_line' id='line_1_39' title="bbox 231 4327 613 4406; baseline 0.008 -14"><span class='ocrx_word' id='word_1_331' title='bbox 231 4339 259 4404; x_wconf 75' lang='lat' dir='ltr'>s)</span> <span class='ocrx_word' id='word_1_332' title='bbox 279 4340 316 4393; x_wconf 74' lang='lat' dir='ltr'>cr.</span> <span class='ocrx_word' id='word_1_333' title='bbox 336 4339 411 4393; x_wconf 82' lang='lat' dir='ltr'>nnn.</span> <span class='ocrx_word' id='word_1_334' title='bbox 430 4339 464 4406; x_wconf 85' lang='lat' dir='ltr'>v,</span> <span class='ocrx_word' id='word_1_335' title='bbox 485 4341 509 4406; x_wconf 88' lang='lat'>1,</span> <span class='ocrx_word' id='word_1_336' title='bbox 527 4341 553 4394; x_wconf 83' lang='lat'>4.</span> <span class='ocrx_word' id='word_1_337' title='bbox 607 4327 613 4338; x_wconf 86' lang='grc'><em>“</em></span> 
     </span>
    </p>
   </div>
   <div class='ocr_carea' id='block_1_7' title="bbox 236 4427 806 4496">
    <p class='ocr_par' dir='ltr' id='par_1_12' title="bbox 236 4427 806 4496">
     <span class='ocr_line' id='line_1_40' title="bbox 236 4427 806 4496; baseline 0.002 -14"><span class='ocrx_word' id='word_1_338' title='bbox 236 4427 263 4494; x_wconf 78' lang='grc'>7)</span> <span class='ocrx_word' id='word_1_339' title='bbox 283 4428 357 4480; x_wconf 84' lang='lat' dir='ltr'>Enn.</span> <span class='ocrx_word' id='word_1_340' title='bbox 377 4428 409 4494; x_wconf 89' lang='lat' dir='ltr'>V,</span> <span class='ocrx_word' id='word_1_341' title='bbox 431 4429 454 4496; x_wconf 93' lang='lat' dir='ltr'>l,</span> <span class='ocrx_word' id='word_1_342' title='bbox 474 4430 504 4482; x_wconf 86' lang='lat'>3:</span> <span class='ocrx_word' id='word_1_343' title='bbox 525 4431 607 4483; x_wconf 86' lang='grc' dir='ltr'><strong><em>εἰκών</em></strong></span> <span class='ocrx_word' id='word_1_344' title='bbox 627 4432 663 4488; x_wconf 82' lang='grc' dir='ltr'><strong><em>τίς</em></strong></span> <span class='ocrx_word' id='word_1_345' title='bbox 682 4431 734 4482; x_wconf 87' lang='grc' dir='ltr'><strong><em>ἐστι</em></strong></span> <span class='ocrx_word' id='word_1_346' title='bbox 753 4437 806 4484; x_wconf 88' lang='grc' dir='ltr'><strong><em>νοῦ.</em></strong></span> 
     </span>
    </p>
   </div>
   <div class='ocr_carea' id='block_1_8' title="bbox 0 0 1591 5142">
    <p class='ocr_par' dir='ltr' id='par_1_13' title="bbox 0 0 1591 5142">
     <span class='ocr_line' id='line_1_41' title="bbox 0 0 1591 5142; baseline 0 0"><span class='ocrx_word' id='word_1_347' title='bbox 0 0 1591 5142; x_wconf 95' lang='lat' dir='ltr'> </span> 
     </span>
    </p>
   </div>
  </div>
 </body>
</html>
