3172 5142
615 457 788 510 ..15-

113 638 183 703 sine
215 636 436 721 magnitudine
469 644 501 702 et
533 638 616 702 mole
650 643 698 702 est
732 645 829 719 atque
864 636 1136 721 pulchritudinem
1171 637 1288 720 gignit,

114 752 286 830 propterea
309 743 394 826 quod
418 744 447 808 ei
472 745 663 810 elementum
693 743 939 828 pulchritudinis
963 742 1102 827 deesset,
1136 764 1199 807 non
1224 743 1290 828 pul·

115 852 192 916 ehra
218 858 301 916 esset
313 855 335 931 l)
361 851 487 936 etipsa
510 852 644 917 materia
661 852 969 916 animam-moveret.
1017 851 1166 914 Animam
1182 857 1288 915 autem

114 982 134 1023 a
158 960 294 1024 materia
317 961 437 1025 moveri
460 980 523 1023 non
547 978 640 1042 posse
664 959 761 1023 facile
784 959 876 1024 nobis
892 958 1088 1042 persuadere
1113 977 1287 1042 possumus.

115 1067 199 1134 Nam
222 1066 255 1131 id
279 1067 380 1132 solum
405 1067 470 1130 vim
494 1065 592 1130 hahet
615 1065 648 1128 in
672 1066 821 1145 animam,
847 1065 933 1146 quod
957 1065 989 1128 in
1014 1085 1084 1130 eam
1101 1065 1234 1130 transiit
1258 1069 1290 1129 et

115 1175 270 1258 cogitatio
294 1174 415 1239 factum
440 1179 498 1254 est,
521 1193 585 1236 non
609 1171 643 1235 id
667 1171 753 1254 quod
777 1179 868 1236 extra
892 1193 962 1236 eam
987 1175 1081 1253 est2).
1121 1173 1289 1238 Materiam

115 1288 222 1346 autem
247 1283 382 1347 transire
405 1301 469 1345 non
492 1299 587 1365 posse
610 1281 643 1343 in
667 1279 804 1344 animam
833 1278 890 1345 sed
921 1285 1045 1343 tantum
1074 1278 1207 1344 formam
1236 1301 1290 1364 ap·

115 1396 208 1473 paret
233 1409 273 1454 ex
296 1390 367 1473 ipsa
391 1389 618 1453 constitutione
641 1407 833 1470 organorum
858 1389 980 1468 sensus,
1016 1386 1131 1468 quibus
1155 1386 1290 1470 pereipi-

115 1517 301 1578 mus3=nam
324 1495 392 1560 fieri
415 1517 478 1560 non
502 1501 619 1579 potest,
643 1501 678 1558 ut
702 1513 753 1559 res
769 1493 860 1578 ipsae
877 1493 1085 1578 percipiendo
1103 1493 1134 1556 in
1152 1494 1289 1557 animam

115 1605 332 1687 penetrentss).
379 1602 452 1666 Non
477 1603 574 1686 igitur
602 1603 746 1684 materia,
783 1601 840 1667 sed
869 1601 971 1666 foruna
999 1607 1122 1665 tanturn
1152 1601 1290 1664 animam

115 1730 245 1775 movere
268 1717 386 1794 potest.
433 1711 470 1774 In
495 1709 716 1794 magnitudine
740 1715 846 1774 autem
867 1708 1135 1792 pulchritudinem
1152 1709 1291 1792 positam

116 1837 180 1880 non
214 1837 283 1882 esse
316 1819 531 1901 intellegimus
565 1837 604 1881 ex
635 1815 874 1900 pulchritudine
906 1816 1122 1899 scientiarum,
1157 1836 1291 1896 morum,

116 1923 305 2006 studiorum,
341 1945 435 2006 quam
465 1931 551 1989 certe
579 1943 672 1988 nemo
698 1923 741 1986 ad
765 1906 1105 1988 commensurationem
1130 1922 1291 2003 quandam

117 2031 237 2095 referre
261 2032 348 2096 velit.

224 2137 266 2201 Et
290 2139 321 2202 in
346 2159 446 2223 parva
470 2145 502 2203 et
524 2139 557 2203 in
580 2159 699 2221 magna
722 2138 805 2202 mole
822 2135 1026 2221 pulchritudo
1050 2135 1143 2215 inest,
1168 2141 1200 2200 et
1217 2155 1290 2217 qua-

116 2252 211 2309 tenus
235 2245 346 2309 oadem
372 2245 446 2310 idea
470 2253 503 2311 et
526 2247 558 2310 in
582 2266 684 2329 parva
708 2251 739 2308 et
763 2246 794 2308 in
818 2249 937 2326 magna'
960 2245 1043 2308 mole
1066 2245 1159 2326 inest,
1189 2263 1290 2327 parva

116 2371 168 2417 res
191 2351 337 2417 similiter
361 2358 469 2417 movet
492 2351 654 2434 efficitque
679 2353 710 2416 vi
734 2371 792 2416 sua
815 2352 952 2416 animam
978 2358 1074 2432 atque
1098 2371 1216 2434 magna
1225 2351 1262 2430 4).

225 2457 369 2542 Simplex
398 2458 513 2524 coloris
542 2456 746 2542 pulchritudo
777 2457 912 2522 efficitur
940 2477 989 2540 eo,
1026 2458 1111 2539 quod
1135 2459 1291 2522 formatur

117 2570 348 2650 superaturque
375 2567 558 2650 praesentia
585 2565 712 2630 luminis
741 2564 775 2629 id
803 2563 889 2647 quod
918 2563 1024 2630 estin
1047 2567 1182 2631 materia
1205 2572 1291 2630 tene-

116 2673 255 2756 brosum,
291 2673 448 2755 siquidem
477 2674 532 2738 lux
562 2675 634 2758 ipsa
661 2673 851 2758 incorporea
879 2679 928 2738 est
959 2679 991 2738 et
1021 2673 1102 2737 ratio
1132 2672 1290 2754 quaedam

116 2787 215 2861 atque
238 2781 363 2864 species
374 2782 409 2860 ⁵).
457 2779 658 2865 Quapropter
682 2781 751 2864 ipse
774 2779 858 2863 ignis
874 2785 1003 2864 praeter
1025 2785 1132 2844 cetera
1156 2799 1290 2864 corpora

117 2885 251 2970 pulcher
274 2892 333 2968 est,
369 2888 527 2970 quoniam,
563 2888 590 2952 si
619 2907 690 2952 eum
719 2886 850 2969 reliquis
879 2887 1046 2952 elementis
1077 2893 1290 2972 comparatur,

116 2993 238 3076 speciei
262 2993 385 3059 obtinet
409 2993 567 3076 ordinem;
604 3015 678 3060 nam
708 2995 822 3060 ceteris
852 2993 1040 3059 eminentior
1069 3001 1117 3060 est
1144 2993 1230 3077 ignis
1259 2999 1290 3057 et

116 3098 257 3163 omnium
287 3120 453 3184 corporum
481 3101 705 3167 subtilissimus
734 3108 766 3166 et
796 3102 887 3183 quasi
916 3101 1125 3186 incorporeae
1148 3101 1212 3164 iam
1235 3121 1289 3164 ua-

116 3214 209 3270 turae
241 3207 437 3290 propinquus
449 3209 485 3285 6).
532 3209 703 3272 Praeterea
735 3209 820 3274 solus
853 3209 938 3291 iguis
970 3229 1033 3274 non
1067 3207 1182 3292 recipit
1215 3207 1289 3290 alia,

227 3348 253 3412 1)
273 3349 355 3402 Enn.
376 3349 409 3417 V,
429 3349 453 3416 8,
473 3348 503 3402 2:
531 3350 555 3402 εἶ
580 3348 629 3418 μὲν
647 3351 663 3402 ὁ
681 3351 770 3426 ὄγκος·
787 3349 820 3418 ἦν
847 3350 935 3417 καλός,
965 3349 1030 3404 καθ’
1060 3352 1121 3404 ὅσον
1146 3353 1225 3419 ὄγκος
1249 3351 1289 3419 ἦν,

114 3437 198 3505 ἐχρῆν
215 3435 259 3490 τὸν
277 3438 361 3506 λόγον,
381 3440 418 3492 ὅτι
438 3438 476 3508 μὴ
496 3439 529 3508 ἦν
548 3440 635 3508 ὄγκος,
655 3438 699 3492 τὸν
716 3439 859 3508 ποιήσαντα
878 3438 916 3508 μὴ
936 3439 1017 3493 καλὸν
1036 3439 1110 3492 εἶναι.

227 3525 330 3591 ἳ)’ἱὶ).ι
349 3528 491 3596 τεκμήριον
511 3527 540 3582 δὲ
557 3529 602 3583 καὶ
621 3530 689 3597 τόδε,
709 3531 756 3596 ὅτι,
776 3531 829 3592 ἔξω
848 3527 896 3596 μὲν
915 3529 966 3588 ἕως
984 3529 1060 3595 ἐστίν,
1080 3527 1155 3580 οὕτω
1177 3529 1289 3595 εἴδομεν,

115 3616 178 3667 ὅταν
199 3612 228 3665 δὲ
246 3615 309 3666 εἴσω
328 3615 439 3681 γένηται,
459 3618 591 3685 διέθηκεν.

226 3701 253 3766 3)
273 3702 326 3755 ib.:
347 3703 434 3755 εἴσεισι
454 3703 483 3755 δὲ
502 3704 535 3756 δι’
555 3707 681 3772 ὀμμάτων
700 3706 768 3764 εἶδος
787 3709 817 3759 ὂν
834 3709 916 3774 μόνον
936 3707 963 3774 (ἢ
982 3713 1039 3764 πῶς
1059 3704 1102 3758 διὰ
1120 3713 1219 3773 μικροῦ
1227 3708 1253 3773 3).

225 3792 254 3856 4)
273 3791 327 3844 ib.:
346 3791 370 3842 εἰ
387 3791 424 3858 δέ,
443 3791 488 3843 ε’άν
506 3813 533 3843 τε
551 3793 579 3844 ἔν
597 3802 704 3860 σμικρῷ
723 3794 768 3846 ἐάν
786 3813 813 3846 τε
835 3795 863 3846 ἐν
891 3795 997 3862 μεγάλῳ
1025 3793 1053 3846 τὸ
1083 3793 1146 3846 αὐτὸ
1171 3793 1242 3852 εἶδος
1260 3793 1290 3862 ᾗ,

115 3881 217 3948 ὁμοίως
244 3889 315 3933 κινεῖ
338 3879 384 3933 καὶ
412 3881 544 3948 διατίθησι
568 3880 613 3948 τὴν
640 3880 733 3948 ψυχὴν
761 3881 807 3949 τὴν
825 3889 872 3934 τοῦ
891 3885 1004 3948 ὁρῶντος
1024 3891 1054 3950 τῇ
1072 3883 1152 3934 αὑτοῦ
1172 3883 1289 3950 δυνάμει,

115 3968 146 4021 τὸ
165 3969 261 4028 κάλλος
280 3969 312 4023 οὐ
330 3978 368 4037 τῷ
387 3977 432 4023 τοῦ
452 3971 534 4038 ὄγκου
552 3969 659 4038 μεγέθει
679 3969 828 4022 ἀποδοτέον.

225 4059 252 4125 5)
272 4060 357 4112 Enn.
378 4059 399 4126 l,
419 4060 443 4127 6,
464 4059 496 4113 3:
530 4058 563 4112 Τὸ
582 4058 611 4112 δὲ
630 4067 674 4128 τῆς
697 4061 778 4128 χρόας
802 4059 897 4116 κάλλος
925 4059 1023 4112 ἁπλοῦν
1050 4069 1144 4129 μορφῇ
1163 4061 1208 4115 καὶ
1227 4083 1290 4129 κρα-

116 4148 189 4216 τήσει
217 4155 263 4201 τοῦ
290 4149 318 4201 ἐν
345 4151 394 4218 ὕλῃ
423 4157 558 4204 σκοτεινοῦ
586 4151 716 4218 παρουσίᾳ
745 4149 833 4218 φωτὸς
862 4149 1004 4216 ἀσωμάτου
1029 4149 1074 4202 καὶ
1092 4150 1170 4218 λόγου
1190 4152 1235 4210 καὶ
1254 4155 1289 4204 εἷ’-

117 4239 181 4294 δους
199 4237 281 4295 ὄντος.
374 4253 378 4262 ·

191 4321 193 4328 ’
226 4325 254 4390 6)
273 4326 326 4378 ib.:
354 4328 418 4380 ὅθεν
439 4329 485 4382 καὶ
504 4329 532 4382 τὸ
550 4337 603 4397 πῦρ
623 4329 686 4384 αὐτὸ
704 4329 774 4397 παρὰ
794 4330 824 4384 τὰ
843 4329 908 4383 ἄλλα
927 4330 1035 4398 σώματα
1055 4328 1142 4396 καλόν,
1162 4331 1200 4382 ὅτι
1219 4329 1290 4391 τάξιν

116 4415 203 4472 εἴδους
230 4413 295 4481 νιρὸς
323 4413 353 4467 τὰ
380 4417 443 4469 ἄλλα
472 4428 585 4487 στοιχεῖα
613 4421 676 4487 ἔχει,
704 4421 759 4472 ἄνω
787 4419 835 4488 μὲν
859 4428 890 4488 τῇ
909 4419 987 4486 θέσει,
1016 4419 1169 4472 λεπτότατον
1188 4417 1217 4471 δὲ
1237 4426 1290 4472 τῶν

117 4505 206 4558 ἄλλων
227 4503 368 4572 σωμάτων,
388 4505 425 4564 ὡς
443 4506 518 4574 ἐγγὺς
537 4508 567 4559 ὂν
587 4516 630 4560 τοῦ
650 4509 800 4575 ἀσωμάτου.
