3172 5142
764 437 939 490 ,36-

266 621 359 686 huius
382 618 491 685 mundi
515 615 743 703 pulchritudini
768 615 949 697 detrahunt,
985 615 1045 679 nisi
1070 614 1154 680 lortc
1177 613 1209 678 in
1234 613 1441 680 detrahendo

267 728 410 812 cogitant
433 726 517 792 hunc
541 723 693 790 mundum
716 724 899 789 inferiorem
925 741 994 788 esse
1018 721 1073 786 illo
1097 722 1272 807 exemplari
1283 725 1318 803 ¹).

373 834 435 898 Ars
458 838 604 897 naturam
628 851 781 916 superare
804 850 867 895 non
885 834 1000 914 potest.
1030 829 1113 895 Nam
1138 829 1170 892 in
1195 828 1277 893 facie
1302 829 1444 894 viventis

268 939 397 1023 quidem
421 940 524 1021 magis
549 937 798 1023 pulchritudinis
814 936 965 1022 splendor
981 942 1126 1020 apparet,
1151 936 1183 1000 in
1201 934 1346 1000 defuncti
1364 957 1442 1001 vero

266 1048 361 1127 facie,
396 1045 520 1110 etiamsi
554 1043 693 1109 nondum
727 1044 895 1110 manifeste
919 1049 1041 1108 mutata
1070 1041 1254 1126 figuraest,
1291 1043 1343 1108 vix
1368 1044 1441 1126 pul-

267 1149 455 1217 chritudinis
490 1158 590 1217 restat
625 1153 841 1236 vestigiuml).
901 1150 1003 1229 Quam
1037 1150 1077 1215 ob
1111 1169 1177 1215 rem
1206 1150 1276 1234 ipsa
1300 1149 1441 1216 viventis

267 1260 380 1341 forma,
405 1258 529 1324 etiamsi
560 1259 662 1324 minus
692 1260 869 1343 composita
893 1265 951 1341 est,
988 1264 1095 1324 tamen
1119 1257 1280 1342 pulchrior
1304 1263 1442 1342 apparet

268 1387 361 1448 qnam
386 1366 535 1449 imaginis
559 1366 762 1451 pulchritudo
775 1368 811 1448 3).
862 1367 945 1434 Nam
969 1364 1172 1450 pulchritudo
1197 1385 1259 1428 non
1284 1372 1333 1431 θεῖ
1356 1385 1440 1449 sym-

267 1474 389 1554 metria,
414 1471 472 1538 sed
495 1471 540 1555 id,
576 1473 661 1556 quod
685 1474 717 1537 in
742 1475 947 1558 proportione
972 1472 1109 1556 refulget
1119 1474 1153 1551 4).
1207 1473 1322 1554 ltaque
1346 1491 1442 1536 verus

267 1581 385 1644 artifex
410 1600 503 1662 quam
527 1581 672 1664 proxime
696 1579 853 1645 accedere
876 1578 1019 1646 studebit
1041 1578 1084 1644 ad
1106 1587 1252 1645 naturam
1264 1579 1289 1659 5)
1314 1583 1346 1643 et
1362 1577 1441 1642 ima·

267 1687 394 1770 ginihus
428 1687 492 1751 suis
526 1687 629 1770 magis
663 1687 762 1752 vitam
798 1688 1000 1769 animamque
1025 1686 1115 1752 dabit
1145 1707 1239 1770 quam
1263 1686 1442 1771 proportio-

267 1813 349 1880 nem.
397 1793 479 1860 Nam
513 1793 680 1877 imagines,
716 1814 798 1878 quae
834 1794 983 1860 videntur
1015 1793 1205 1876 vivaciores,
1245 1791 1341 1858 etiam
1371 1791 1441 1875 pul·

267 1899 409 1964 chriores
434 1907 615 1983 occurrunt,
641 1902 786 1983 quamvis
810 1902 892 1967 aliae
917 1902 1080 1967 exactiore
1105 1903 1169 1966 sint
1192 1901 1339 1966 mensura
1356 1917 1441 1962 com-

268 2009 393 2090 positae
402 2009 438 2087 6).
497 2007 632 2072 Etiamsi
656 2029 708 2072 ars
731 2015 888 2092 naturam,
925 2016 1079 2094 utsupra
1103 2008 1251 2090 diximus,
1287 2025 1441 2090 superare

267 2135 329 2180 non
353 2119 471 2198 potest,
496 2119 602 2178 tamen
627 2113 792 2197 pulchrum
814 2116 851 2178 in
876 2122 945 2180 arte
970 2137 1130 2200 apparens
1153 2114 1273 2198 gradus
1298 2118 1346 2178 est
1369 2131 1442 2196 per·

267 2221 382 2285 fcctior
406 2219 662 2304 pulchritudinis,
689 2241 784 2303 quarn
808 2223 840 2286 in
865 2223 1014 2307 operibns
1038 2231 1181 2288 naturae.
1213 2222 1295 2287 Nam
1320 2219 1443 2284 artifex

270 2327 400 2392 Gratias
423 2345 642 2409 summumque
658 2327 761 2392 Deum
785 2329 903 2394 format
927 2330 1152 2396 transferendo
1174 2327 1265 2393 ideas
1280 2325 1443 2412 pulchras,

268 2453 347 2515 quas
371 2434 403 2497 in
427 2433 536 2498 intimo
561 2435 687 2519 aspicit,
724 2435 766 2500 ad
798 2436 964 2501 materiam
974 2440 1009 2518 ⁷).
1068 2437 1128 2514 Qui
1152 2437 1250 2520 igitur
1272 2432 1441 2519 pulchrum

267 2540 355 2606 etin
379 2547 493 2606 natura
517 2547 550 2606 et
573 2543 605 2606 in
629 2541 773 2608 artificiis
797 2563 991 2624 cognoscere
1015 2544 1092 2624 vult,
1118 2543 1331 2625 cogitationes
1356 2540 1442 2605 altas

267 2669 308 2714 ex
332 2649 371 2714 iis
395 2649 511 2715 elicere
540 2648 646 2714 debet.
693 2649 741 2714 Εο
765 2648 882 2713 artifex
905 2654 1050 2712 naturam
1075 2648 1227 2728 imitatur,
1263 2646 1349 2729 quod
1374 2647 1441 2711 ani-

266 2776 352 2820 mum
376 2755 483 2820 attolit
515 2755 557 2820 ad
590 2756 746 2839 notiones,
783 2756 897 2839 quibus
927 2760 1041 2820 natura
1065 2755 1097 2818 in
1121 2753 1263 2839 pulchris
1286 2753 1440 2838 operibus

266 2861 474 2947 procreandis
509 2863 659 2928 utebatur
694 2864 745 2929 vel
781 2864 866 2947 quod
901 2884 1050 2948 magnam
1076 2863 1304 2947 cogitationem
1329 2879 1441 2924 eorum

266 2971 382 3034 iterum
417 2987 455 3033 ac
490 2967 626 3034 fortasse
661 2971 779 3035 rectius
814 2971 937 3053 cogitat
949 2973 982 3050 8).
1029 2971 1204 3054 Propterea
1232 2967 1329 3051 igitur
1353 2965 1442 3048 quod

268 3075 393 3162 species
425 3075 524 3141 multo
548 3076 711 3160 pulchrior
734 3083 782 3142 est
807 3098 903 3160 quam
926 3077 1044 3160 imago,
1080 3077 1204 3162 species
1227 3075 1294 3157 illa,
1328 3091 1441 3138 secun-

268 3183 341 3249 dum
367 3203 461 3265 quam
495 3184 601 3265 imago
631 3184 721 3250 facta
744 3191 804 3266 est,
840 3183 1051 3250 admiratione
1075 3183 1174 3268 digna
1198 3190 1255 3248 est.
1304 3180 1375 3257 Qua
1399 3179 1442 3244 de

369 3359 394 3426 1)
414 3359 498 3412 Enn.
510 3359 542 3427 V,
555 3361 578 3426 8,
590 3360 620 3413 8:
640 3362 703 3414 ὅθεν
716 3362 767 3416 οὐκ
780 3363 871 3430 ὀρθῶς
884 3365 912 3416 οἱ
922 3365 1088 3431 μεμφόμενοι
1103 3363 1195 3427 τούτῳ,
1215 3357 1288 3426 εἰμὴ
1302 3358 1353 3426 ἄρα
1373 3360 1440 3413 καθ’

268 3449 328 3503 ὅσον
345 3447 383 3517 μὴ
403 3447 490 3500 ἐκεῖνό
507 3447 569 3500 ἐστι.

366 3537 394 3602 2)
413 3535 488 3590 Eun.
508 3535 558 3600 VI,
578 3535 603 3602 7,
622 3534 670 3588 22:
700 3534 742 3587 διὰ
770 3536 796 3587 τί
820 3534 869 3602 γὰρ
888 3535 929 3587 ἐπὶ
947 3534 995 3602 μὲν
1013 3537 1110 3596 ζῶντος
1128 3534 1274 3602 προσώπου
1292 3533 1392 3602 μᾶλλον
1412 3534 1442 3588 τὸ

268 3629 363 3698 φέγγος
381 3633 426 3680 τοῦ
446 3626 537 3690 καλοῦ,
557 3626 628 3692 ἴχνος
647 3622 671 3676 δ’
685 3623 725 3676 θ’πί
744 3623 915 3692 τεθνηκότος,Ι

367 3718 395 3780 3)
415 3717 469 3770 ib.:
488 3715 598 3784 αἰσχίων
617 3716 672 3776 ζῶν
690 3713 806 3768 καλλίων
825 3721 870 3768 τοῦ
889 3713 916 3767 ἕν
937 3713 1063 3783 ἀγάλματι
1083 3715 1175 3768 καλοῦ.

366 3807 393 3872 4)
414 3806 466 3860 ib.:
486 3804 527 3858 διὸ
555 3804 600 3858 καὶ
626 3804 740 3858 ἐνταῦθα
766 3804 862 3874 φατέον
881 3804 981 3873 μᾶλλον
1000 3803 1029 3857 τὸ
1048 3804 1151 3870 κάλλος,
1185 3803 1213 3855 τὸ
1231 3802 1272 3854 ἐπὶ
1291 3809 1322 3869 τῇ
1342 3820 1443 3868 συμμε-

268 3897 324 3963 τρίᾳ
343 3895 554 3964 ἐπιλαμαόμενον
573 3894 589 3964 ἢ
608 3893 656 3964 τὴν
674 3895 834 3964 συμμετρίαν
854 3893 927 3949 εἶναι.

367 3985 394 4052 5)
414 3986 469 4040 ib.:
488 3986 525 4038 ὅτι
546 3983 639 4054 ψυχὴν
657 3984 720 4054 ἔχει.

367 4072 395 4139 6)
414 4074 467 4126 ib.:
486 4081 539 4126 τῶν
557 4073 713 4143 ἀγαλμάτιον
741 4073 770 4128 δὲ
797 4072 828 4128 τὰ
853 4073 1023 4140 ζωτικώτερα
1042 4070 1151 4132 καλλίω,
1177 4065 1228 4118 κᾶν
1246 4070 1442 4137 συμμετρότερα

270 4157 300 4212 τὰ
319 4159 393 4227 ἕτερα
413 4159 440 4228 ᾖ.

367 4247 394 4316 7)
416 4246 459 4303 Cf.
480 4248 563 4302 Enn.
582 4250 616 4317 V,
636 4251 705 4316 8,1.
726 4249 801 4314 (Vid.
822 4263 915 4316 supra
935 4264 962 4317 p.
982 4247 1025 4301 33.
1045 4245 1146 4300 adnot.
1166 4245 1212 4310 2.).

367 4335 1441 4408 &OEEmnhhlethvmmmmnlcpffitcmmm

269 4426 824 4500 ffiswmpffiammdmd
1191 4461 1195 4468 ·
