3172 5142
652 432 809 484 ‚7-

147 611 179 676 in
205 611 342 676 humana
366 611 486 692 anima3
527 617 623 692 atque
652 610 708 674 illa
735 611 832 695 prior,
870 630 940 675 cum
964 610 1006 675 ad
1031 617 1168 676 mentem
1193 633 1321 678 conver-

147 719 233 800 titur,
262 718 402 802 repletur
426 719 494 783 eius
517 717 600 783 ideis
623 719 692 782 sive
716 717 836 800 formis,
867 736 946 799 quas
976 717 1047 801 ipsa
1070 718 1103 782 iu
1127 718 1244 784 mundo
1269 739 1321 784 cx-

147 825 269 910 primit3
310 844 380 889 cum
413 844 490 890 vero
523 823 566 890 ad
600 825 697 888 aliurn
727 829 847 890 motum
871 823 1085 908 progreditur,
1109 845 1200 892 suum
1224 825 1321 890 efficit

146 932 358 1014 simulacrum,
392 932 517 997 seilicet
549 951 676 997 sensum
710 932 743 996 in
776 930 967 996 animalibus
999 932 1096 1014 inque
1126 931 1245 1016 plantis
1267 954 1321 997 na-

147 1045 250 1103 turam
261 1039 296 1117 l).
343 1030 461 1102 Anima
492 1039 583 1119 quasi
614 1039 784 1122 peregrina
808 1043 856 1102 θεῖ
878 1037 912 1101 in
937 1058 1080 1122 corpore.
1128 1039 1321 1105 Defectione

147 1146 197 1209 vel
220 1147 446 1228 segregatione
470 1145 511 1208 ab
536 1151 608 1209 ente
632 1143 726 1209 homo
750 1145 857 1210 factus
881 1151 929 1208 est
953 1144 1047 1210 homo
1069 1152 1101 1210 et
1118 1145 1255 1212 hominis
1272 1152 1320 1212 θεῖ

145 1238 253 1316 rursus
276 1249 451 1316 ascendere
475 1249 517 1315 ad
542 1271 608 1316 ens.
655 1251 772 1316 Anima
795 1250 934 1315 humana
958 1257 1006 1316 est
1022 1251 1137 1334 divisa,
1163 1259 1321 1334 quatenus

145 1359 178 1422 in
203 1358 389 1442 corporibus
411 1359 505 1438 inest,
530 1377 612 1440 quae
637 1379 677 1422 ex
701 1358 847 1442 partibus
871 1364 1030 1440 constant,
1060 1357 1210 1440 indivisa,
1246 1379 1320 1441 qua-

146 1471 237 1529 tenus
261 1470 329 1529 tota
362 1471 410 1529 θεῖ
443 1465 476 1528 in
506 1465 652 1529 omnibus
676 1463 1035 1549 eorp01·ispa1·tious2).
1084 1464 1174 1531 Mens
1198 1467 1320 1548 cogitat

145 1577 177 1636 ct
201 1572 272 1656 ipsa
296 1571 451 1654 cogitatio
475 1577 538 1652 est3
579 1571 686 1636 anima
715 1577 822 1636 autem
852 1569 1027 1636 meditatur
1054 1577 1087 1636 et
1115 1577 1239 1636 tantum
1264 1592 1321 1656 per
1419 1635 1423 1642 .

144 1677 406 1743 ratiocinationes
430 1683 462 1742 et
486 1676 690 1762 syllogismos
714 1677 836 1750 invenit
853 1677 971 1742 verum.
1020 1675 1178 1742 Iudicium
1199 1676 1240 1742 dc
1264 1677 1319 1742 bo-

144 1785 245 1848 nitate
269 1784 320 1848 vel
343 1785 466 1850 iustitia
490 1784 525 1849 fit
548 1787 661 1849 norma
684 1784 794 1865 aliqua
818 1783 893 1848 boni
917 1783 968 1850 vel
991 1784 1077 1866 iusti,
1103 1803 1185 1865 quae
1208 1784 1339 1849 innata

145 1898 204 1958 est.
260 1892 395 1956 Animae
431 1890 619 1956 dividuntur
653 1892 685 1954 in
721 1889 864 1972 divinas,
901 1889 1117 1974 daemonicas,
1152 1891 1318 1958 humanas.

144 1997 282 2062 Divinae
314 2004 388 2062 sunt
421 1999 547 2062 animae
581 1996 721 2062 siderum
746 2003 778 2061 et
802 1997 968 2080 regionum
993 1997 1187 2062 caelestium.
1235 1999 1319 2064 Dae-

144 2124 253 2170 mones
277 2104 420 2170 homines
445 2103 574 2187 quidem
598 2105 743 2190 potentia
767 2110 799 2169 et
829 2103 1043 2194 intelligentia
1067 2111 1228 2189 superant,
1262 2104 1319 2170 sed

144 2210 250 2276 adiis
283 2219 483 2296 superantur.
530 2212 698 2276 Humanae
731 2211 865 2276 animae·
892 2211 1111 2277 avertendos
1141 2210 1259 2277 divinis
1287 2214 1319 2275 in

144 2337 279 2402 corpora
312 2317 461 2382 detrusae
494 2325 640 2382 naturam
671 2316 813 2381 divinam
838 2317 959 2383 oblitae
982 2323 1066 2384 sunt.
1115 2317 1251 2384 Mundus
1275 2319 1320 2382 in-

144 2423 321 2506 telligibilis
345 2431 377 2487 θῖ
401 2424 559 2489 sensibilis
583 2444 645 2488 non
670 2429 934 2489 connecterentur
957 2425 1040 2490 inter
1063 2445 1108 2507 se,
1141 2425 1169 2490 si
1194 2426 1320 2492 abesset

144 2531 260 2596 anima.
308 2530 423 2594 Anima
447 2536 496 2596 θεῖ
519 2531 664 2614 potentia
689 2530 847 2614 (δύναμις)
873 2529 1004 2612 mentis3
1042 2551 1131 2597 mens
1155 2539 1204 2598 est
1229 2537 1319 2598 actus

146 2638 308 2721 (ἐνέργεια)
334 2638 471 2703 animae.

250 2743 481 2809 coniunctione
514 2747 639 2810 animae
674 2765 746 2810 cum
779 2745 915 2810 materia
945 2746 1087 2811 existunt
1120 2744 1230 2825 ideae;
1268 2746 1320 2812 hic

143 2850 279 2915 mundus
301 2849 445 2914 idearum
470 2858 518 2916 est
541 2859 656 2916 natura
682 2852 713 2935 (ἡ
738 2851 854 2935 φύσις).
901 2851 1089 2937 Corporalia
1113 2853 1254 2918 evadunt
1278 2873 1318 2918 ex

144 2956 367 3024 coniunctione
400 2959 534 3024 rationis
567 2978 637 3023 curn
671 2959 816 3024 materia.
864 2958 960 3024 Ratio
986 2959 1017 3044 (ὁ
1034 2959 1140 3044 λόγος)
1166 2980 1233 3025 rem
1256 2980 1319 3024 non

143 3065 314 3148 significat,
338 3065 396 3130 sed
421 3072 510 3130 creat
533 3072 645 3148 estque
668 3064 744 3130 idea
767 3072 800 3130 et
823 3085 922 3130 mens.
970 3067 1105 3148 Natura,
1130 3086 1213 3148 quae
1236 3067 1318 3131 ratio

143 3179 191 3236 est
214 3177 312 3254 atque
345 3173 480 3255 species,
514 3174 668 3237 materiae
701 3173 837 3237 formam
867 3173 1018 3257 impertit.
1065 3173 1221 3239 Rationes
1245 3180 1318 3238 sunt

143 3279 281 3343 omnium
305 3299 410 3344 rerum
435 3278 625 3344 effectrices.
672 3280 785 3361 Neque
808 3279 891 3343 enirn
915 3280 1023 3363 ignem
1048 3279 1204 3346 accedere
1229 3301 1319 3365 opor·

144 3391 199 3465 tet,
232 3392 267 3450 nt
296 3385 432 3451 materia
464 3385 520 3451 fiat
551 3386 644 3469 ignis,
679 3384 735 3450 sed
769 3384 926 3451 rationem
936 3387 972 3467 ³).
1019 3387 1143 3455 Natura
1167 3395 1215 3453 θεῖ
1239 3394 1318 3453 tam·

144 3511 239 3574 quarn
271 3485 411 3575 ingentis
445 3491 609 3558 cuiusdam
644 3493 767 3558 arboris
797 3491 923 3558 ratione
947 3492 1086 3586 viventis
1115 3493 1317 3578 principium.

143 3599 235 3662 Hanc
267 3598 422 3662 rationem
447 3606 561 3665 natura
590 3601 631 3664 ab
656 3601 763 3665 anima
786 3601 915 3684 accipit.
963 3599 998 3665 Si
1021 3600 1124 3665 forma
1148 3600 1199 3665 vel
1223 3601 1316 3682 ratio,

244 3810 270 3872 l)
289 3809 377 3862 Enn.
398 3809 430 3876 V,
450 3810 476 3874 2,
497 3811 527 3863 l:
548 3809 621 3863 Ἐκεῖ
639 3812 689 3878 μὲν
706 3812 753 3864 οὖν
770 3812 911 3879 βλέπουσα,
940 3813 1004 3865 ὅθεν
1026 3812 1135 3880 ἐγένετο,
1163 3812 1317 3879 πληροῦται,

143 3899 313 3966 προελθοῦσα
332 3897 360 3952 δὲ
378 3899 415 3956 εἷς
434 3899 538 3967 κίνησιν
557 3899 637 3965 ἄλλην
660 3899 706 3952 καὶ
725 3899 843 3952 ἐναντίαν
860 3906 936 3967 γεννᾷ
955 3900 1064 3952 εἴδωλον
1083 3900 1170 3968 αὑτῆς,
1190 3901 1317 3967 αἴσθησιν

143 3988 188 4040 καὶ
216 3990 296 4056 φύσιν
324 3988 352 4042 ἕν
380 3997 432 4047 τοῖς
459 3995 562 4056 motois·
591 3985 668 4040 οὐδὲν
696 3987 725 4040 δὲ
752 3995 797 4041 τοῦ
824 3987 876 4056 ιτρὸ
903 3987 986 4042 αὐτοῦ
1013 3988 1159 4056 ἀπήρτηται
1178 3988 1235 4042 οὐδ’
1255 3989 1317 4042 ἄιτα·

144 4076 272 4144 τέτμηται.

249 4165 276 4228 2)
296 4166 381 4220 Eun.
401 4166 449 4233 lv,
469 4166 495 4234 2,
517 4166 546 4220 l:
574 4165 683 4236 μεριστὴ
702 4167 758 4235 μέν,
786 4167 824 4219 ὅτι
848 4165 876 4220 ἐν
900 4172 957 4218 τᾶσι
976 4166 1067 4234 μέρεσι
1086 4174 1132 4220 τοῦ
1151 4168 1178 4220 ἐν
1198 4168 1221 4235 ᾦ
1240 4167 1316 4221 ἐστιν·

143 4254 279 4322 ἀμέριστος
298 4255 335 4319 δέ,
354 4257 393 4307 ὅτι
412 4257 458 4324 ata
478 4256 506 4310 ἓν
524 4263 587 4310 πᾶσι
605 4256 651 4310 καὶ
671 4257 698 4310 ἐν
717 4257 820 4325 ὁτῳοῦν
838 4255 918 4310 αὐτοῦ
937 4255 992 4324 ὅλη.

250 4343 278 4404 3)
298 4341 383 4395 Eun.
403 4343 455 4411 ΙΙΙ,
475 4346 499 4412 8,
520 4347 552 4399 1:
589 4346 628 4400 Οὐ
648 4345 696 4415 γὰρ
720 4354 773 4414 ιτῦρ
800 4347 843 4399 δεῖ
857 4345 1018 4414 apaetesis,
1047 4346 1087 4399 ἵνα
1105 4352 1158 4413 ιτῦρ
1177 4346 1194 4414 ἡ
1213 4346 1260 4413 ὕλη
1279 4346 1317 4413 γέ·

146 4453 227 4500 νηται,
247 4431 309 4486 ἀλλὰ
327 4433 411 4500 λόγον.
