3172 5142
639 440 814 494 ..27-

138 621 312 698 aninrae1).
369 619 434 683 Hie
458 618 563 683 anima
588 620 768 702 requiescit,
803 619 858 685 hie
889 639 963 684 vere
987 619 1137 702 iutelligit
1161 640 1220 684 neo
1245 621 1316 685 ullis

138 734 191 792 est
216 725 354 790 obnoxia
379 725 593 809 passionibrrs3
636 725 690 790 lrto
719 727 818 792 solum
844 728 953 792 vivere
982 747 1016 791 re
1046 746 1121 790 vera
1139 727 1313 809 eontingit,

138 835 199 897 hle
232 835 338 897 anima
363 833 434 898 Deo
467 853 649 917 praegnans
682 840 739 916 est,
777 834 831 898 luo
856 835 923 898 vitu
956 841 1004 899 est
1037 834 1152 898 ruentis
1175 837 1314 913 aotusq.

139 943 218 1005 Vita
242 960 316 1005 vero
341 940 466 1005 animae
489 949 616 1006 terrena
640 948 687 1005 est
713 962 805 1006 casus
828 941 944 1024 aliquis
969 947 1066 1023 atque
1088 940 1165 1024 fuga
1182 941 1315 1006 alarum-

140 1067 205 1129 que
238 1048 410 1128 iaetura³);
450 1048 515 1112 illio
548 1055 654 1113 autem
688 1049 803 1113 bonum
837 1055 979 1114 nostrum
1013 1050 1185 1114 consistere
1219 1049 1314 1113 etiam

140 1175 233 1220 amor
267 1155 380 1219 animis
420 1155 581 1239 ingenitus
621 1156 836 1234 annuntiata.
899 1156 1074 1238 Propterea
1110 1155 1193 1219 enim
1231 1153 1316 1237 quod

140 1263 250 1326 anima
279 1282 320 1326 ex
343 1263 413 1326 Deo
438 1267 500 1337 est,
531 1251 618 1327 amat
651 1282 722 1326 eum
751 1262 965 1342 neeessari05)
999 1269 1031 1326 et
1055 1282 1093 1326 eo
1118 1261 1315 1326 commisceri

141 1368 316 1434 desiderat.
364 1369 480 1434 Anima
504 1390 575 1434 eum
603 1371 635 1434 iu
664 1369 781 1434 mundo
805 1370 998 1452 intelligibili
1023 1370 1112 1448 vivit,
1146 1368 1316 1433 eoelesteur

142 1477 242 1540 habet
266 1495 416 1558 amorem,
450 1476 505 1541 hle
536 1484 642 1542 auteur
673 1477 847 1542 eommunis
871 1477 905 1540 lit
930 1484 1025 1560 atque
1051 1476 1233 1558 vulgarisss).
1281 1475 1315 1540 Si

142 1585 215 1664 quis
250 1583 467 1649 adlectionem
501 1583 655 1650 eiusmodi
691 1585 862 1650 coelestem
896 1605 1025 1669 prorsus
1057 1585 1193 1666 ignorat,
1229 1584 1256 1647 is
1284 1583 1315 1646 io

142 1690 289 1755 humanis
323 1692 483 1756 amoribus
517 1693 749 1775 experientiam
782 1691 892 1764 faeiat,
927 1699 1046 1774 quanta
1079 1689 1218 1755 solicitas
1242 1690 1316 1753 insit

143 1798 174 1860 iu
200 1797 245 1861 rei
269 1795 422 1861 ardenter
445 1803 572 1861 auratae
596 1797 780 1880 adeptione,
806 1818 997 1878 quamquam
1019 1818 1101 1879 quae
1118 1797 1173 1862 hle
1189 1818 1208 1861 a
1226 1797 1316 1862 nobis

143 1911 301 1981 amantur,
325 1903 473 1965 mortalia
497 1909 570 1966 suut
594 1907 690 1982 atque
707 1903 804 1966 noxia
820 1909 852 1966 et
869 1904 1024 1984 imagines
1042 1903 1209 1985 quaedum,
1235 1923 1316 1985 quae

143 2009 274 2074 landem
291 2008 324 2071 in
344 2008 535 2072 contrarium
553 2011 849 2088 transmutanturll.
872 2010 954 2074 Nam
972 2009 1057 2090 quod
1074 2009 1130 2074 hie
1146 2017 1315 2091 sectamur,

141 2117 234 2182 uobis
259 2120 399 2179 amatum
421 2134 454 2178 re
471 2134 549 2179 vora
572 2136 633 2179 uon
651 2121 715 2194 est;
740 2136 842 2198 neque
867 2116 950 2180 onim
970 2123 1111 2181 nostrum
1136 2116 1251 2180 bonum
1269 2124 1317 2180 est

141 2243 245 2304 neque
269 2220 313 2303 id,
339 2220 423 2303 quod
448 2221 635 2286 naturaliter
659 2229 858 2306 exoptamus.
906 2223 1118 2300 Quamobrem
1143 2221 1218 2286 hino
1242 2223 1316 2286 erni-

141 2349 238 2412 grare
271 2327 506 2412 properandum
541 2336 589 2392 est
634 2327 887 2411 dolendumque,
922 2329 1006 2410 quod
1042 2331 1151 2412 aliqua
1186 2329 1241 2393 hio
1277 2349 1316 2392 eu

141 2443 235 2520 parte
268 2435 393 2518 alligati
427 2436 582 2516 vivamus,
619 2441 653 2499 ut
685 2442 752 2500 toto
777 2437 904 2520 penitus
928 2437 1034 2500 animo
1067 2437 1317 2520 complectamur

143 2543 248 2606 Deum
281 2541 422 2624 nihilque
446 2541 558 2624 reliqui
587 2543 628 2607 sit
651 2544 683 2606 in
708 2543 809 2624 nobis,
841 2563 902 2626 quo
927 2564 988 2606 uon
1014 2563 1084 2606 oum
1110 2543 1178 2606 Deo
1204 2542 1316 2607 eoliae-

140 2649 312 2728 reamus⁸)'.
360 2649 428 2714 Iam
452 2669 528 2714 vero
552 2650 584 2712 in
609 2669 646 2714 eo
667 2649 797 2714 vivendi
822 2656 907 2714 statu
932 2650 1054 2714 animus
1079 2648 1188 2712 videre
1212 2654 1317 2732 potest

248 2827 273 2890 1)
293 2827 379 2879 Εηῐι.
400 2826 448 2892 VI,
469 2828 493 2892 9,
514 2828 543 2879 9:
575 2829 681 2895 καθορᾷ
709 2826 795 2894 πηγὴν
821 2826 870 2894 μὲν
889 2829 968 2894 ζωῆς,
996 2825 1081 2895 πηγὴν
1102 2825 1131 2878 δὲ
1149 2833 1204 2891 νοῦ,
1232 2825 1317 2893 ἀρχὴν

141 2917 225 2980 ὄντος,
245 2915 346 2983 ἀγαθοῦ
365 2916 455 2982 αἰτίαν,
475 2915 550 2982 ῥίζαν
570 2924 667 2984 ψυχῆς.

244 3005 271 3065 2)
291 3005 345 3057 ib.:
374 3005 486 3058 ἐνταῦθα
515 3005 560 3058 καὶ
586 3005 743 3059 ἀναπαύεται
764 3007 849 3074 ψυχή,
879 3005 925 3058 καὶ
952 3012 1047 3058 κακῶν
1066 3005 1127 3070 ἔξω,
1146 3006 1183 3063 εἰς
1203 3003 1246 3055 τὸν
1267 3011 1317 3055 τῶν

141 3099 238 3144 κακῶν
265 3093 385 3158 καθαρὸν
404 3095 483 3146 τόπον
501 3093 698 3161 ἀναδραμοῦσα,
727 3094 772 3146 καὶ
790 3103 848 3147 νοεῖ
863 3094 983 3160 ἐνταῦθα,
1008 3095 1052 3146 καὶ
1071 3093 1177 3160 ἀπαθὴς
1195 3093 1315 3156 ἐνταῦθα,

140 3181 188 3234 καὶ
209 3181 236 3233 τὸ
255 3180 363 3246 άληθῶς
382 3183 430 3247 ζῇν
448 3181 612 3234 ἐνταῦθα’..
633 3183 660 3234 τὸ
679 3183 708 3235 δὲ
726 3183 785 3235 ε’κεῖ
800 3187 848 3252 ζῇν
866 3184 978 3250 ἐνέργεια
996 3182 1044 3249 μὲν
1063 3190 1117 3235 νοῦ.

244 3269 271 3331 3)
291 3268 345 3321 ib.:
376 3268 404 3320 τὸ
431 3266 480 3336 γὰρ
508 3269 620 3322 ἐνταῦθα
649 3271 694 3323 καὶ
722 3271 749 3323 ἐν
768 3273 866 3331 τούτοις
885 3273 1013 3330 ἔκπτωσις
1032 3271 1076 3324 καὶ
1103 3270 1174 3340 φυγὴ
1194 3269 1239 3324 καὶ
1257 3291 1316 3322 πτε-

141 3357 295 3426 ροῤῥύησις.

245 3446 273 3509 4)
293 3447 346 3500 ib.:
376 3448 454 3515 δηλοῖ
471 3448 508 3515 δέ,
537 3449 575 3500 ὅτι
602 3448 631 3500 τὸ
659 3448 758 3516 ἀγαθὸν
785 3449 847 3508 ἐκεῖ,
877 3450 922 3502 καὶ
950 3450 1050 3519 δέρως
1080 3451 1158 3518 ὁτῆς
1185 3458 1275 3518 ψυχῆς
1303 3451 1319 3499 ὁ

145 3536 292 3603 σύμφυτος.

244 3623 271 3688 5)
292 3624 344 3675 ib.:
363 3625 392 3685 ἐξ
410 3624 513 3678 ἐκείνου
532 3626 568 3691 δέ,
588 3626 636 3694 ε’ρᾷ
654 3627 734 3680 αὐτοῦ
753 3626 782 3689 ἑξ
803 3627 926 3695 ἀνάγκης.

244 3713 271 3775 6)
290 3712 343 3764 ib.:
362 3711 407 3763 καὶ
425 3712 491 3764 ούσα
515 3713 573 3764 ε’κεῖ
594 3713 637 3766 τδν
656 3715 779 3782 ούράνιον
799 3717 884 3782 ἔρωτα
903 3717 974 3782 ἔχει·
1002 3716 1116 3768 ἐνταῦθα
1136 3715 1164 3768 δὲ
1181 3716 1317 3783 πάνδημος

142 3803 260 3870 γίγνεται.

245 3891 271 3956 ἵ)
291 3891 344 3943 ib.:
363 3889 407 3942 καὶ
435 3890 473 3947 οἶς
501 3889 550 3956 μὲν
577 3891 709 3958 άγνωστόν
727 3891 780 3943 ἐστι
799 3893 827 3944 τὸ
855 3893 968 3960 πάθημα
987 3902 1071 3958 τοῦτο,
1101 3894 1221 3946 ἐντεῦθεν
1239 3895 1316 3946 ε’νθυ-

141 3980 248 4048 μείσθω
267 3979 318 4032 άπὸ
338 3986 390 4032 τῶν
408 3979 520 4032 ἐνταῦθα
538 3979 654 4046 ε’ρώτων,
677 3981 738 4058 οἶόν
754 3980 806 4032 ἐστι
827 3991 921 4049 τυχεῖν,
948 3982 986 4035 ὧν
1006 4005 1042 4042 τις
1060 3984 1171 4050 μάλιστα
1189 3983 1244 4050 ε’ρᾷ,
1272 3983 1317 4035 καὶ

142 4071 182 4121 ὅτι
202 4075 278 4121 ταῦτα
296 4068 344 4134 μὲν
363 4067 393 4122 τὰ
411 4068 531 4136 ε’ρώμενα
551 4067 635 4136 θνητὰ
654 4069 698 4121 καὶ
726 4069 852 4137 βλαβερά,
882 4071 927 4123 καὶ
956 4073 1075 4125 εἰδώλων
1093 4073 1188 4140 ἔρωτες
1207 4073 1251 4126 καὶ
1269 4095 1316 4140 με·

143 4157 269 4221 ταπίπτει,
289 4159 325 4208 ὅτι
345 4158 395 4210 οὐκ
415 4158 448 4226 ἦν
462 4157 489 4210 τὸ
502 4160 583 4216 ὅντως
596 4158 730 4226 ἐρώμενον
743 4157 805 4211 οὐδὲ
824 4159 964 4227 τὸάγαθὸν
978 4162 1062 4230 ἡμῶν,
1082 4162 1139 4215 οὐδ’
1153 4165 1169 4214 ὃ
1181 4166 1316 4230 ζητοῦμεν.

245 4245 272 4311 8)
290 4246 345 4298 ib.:
371 4248 438 4300 ὥστε
456 4247 572 4310 ἐξελθεῖν
590 4249 711 4302 σπεύδειν
730 4247 850 4302 ἐντεῦθεν
869 4249 913 4302 καὶ
932 4249 1085 4317 ἀγανακτεῖν
1103 4252 1143 4303 ἐπὶ
1163 4253 1259 4317 θάτερα
1278 4254 1317 4303 δε-

143 4333 275 4399 δεμένους,
296 4337 336 4388 ἵνα
356 4345 393 4402 uqi
412 4337 465 4403 alp
486 4338 574 4390 αι’·τῶν
591 4338 823 4406 περιπτνξιύμεθα.
844 4339 888 4392 καὶ
906 4339 989 4407 μηδὲν
1007 4340 1086 4406 με’ρος
1105 4341 1217 4406 ἔχοιμεν,
1237 4339 1260 4406 ᾦ
1279 4340 1316 4407 μὴ

142 4423 316 4490 ἑφαττόμεθα
336 4425 409 4477 θεοῦ.
