3172 5142
631 445 805 498 ..29-

124 647 213 691 esse.
264 626 346 693 Nam
379 627 462 691 sieut
494 625 607 707 timidi,
644 627 689 691 ita
722 625 850 692 disserit
882 625 1037 707 Plotinus,
1073 625 1219 708 strepitu,
1256 625 1302 688 sie

124 734 270 798 musicus
304 733 391 796 sonis
426 732 618 797 harmonicis
653 732 833 796 concitatur
867 751 1049 816 pronusque
1084 737 1132 796 est
1163 729 1205 796 ad
1234 731 1301 814 pul·

126 839 253 921 clrrum,
287 837 372 920 quod
406 843 540 923 apparet
573 840 604 902 in
634 840 730 918 sonis,
764 846 797 903 et
820 839 905 922 fugit
929 838 1044 920 ubique
1069 837 1299 902 dissonantiam

126 954 164 1010 ct
187 945 221 1010 id
246 945 330 1027 quod
353 965 449 1010 unum
473 967 536 1010 non
561 952 608 1010 cst
632 946 663 1009 in
688 947 835 1011 cantibus
859 952 955 1028 atque
978 946 1133 1026 numeris3
1158 943 1301 1026 sequitur

126 1071 208 1116 vero
241 1071 441 1118 numerosum
475 1053 729 1134 concinnumque
741 1055 776 1132 ¹).
838 1051 1048 1134 Segregando
1081 1051 1247 1116 materiam
1282 1071 1302 1114 a

127 1160 255 1224 ratione
288 1161 524 1244 appropinquat
554 1158 597 1223 ad
619 1158 769 1222 mundum
795 1158 1072 1240 intelligibilem).
1132 1160 1303 1222 Praeterea

127 1268 270 1331 musicus
299 1273 473 1350 cognoscat
505 1266 549 1348 id,
585 1287 647 1350 quo
673 1266 881 1332 vehementer
911 1264 1068 1346 adficitur,
1104 1264 1301 1328 harmoniam

127 1393 201 1437 esse
234 1373 467 1456 intelligibilem
501 1381 533 1438 et
566 1373 694 1440 omnino
727 1373 831 1458 ipsum
864 1371 1041 1457 pulchrum,
1080 1392 1142 1436 non
1171 1370 1302 1454 aliquod
1334 1353 1339 1366 ⁵

127 1477 340 1563 puloh1·um³).
388 1483 502 1564 Itaquc
526 1483 664 1547 musicus
689 1503 708 1546 a
732 1480 937 1565 proportione
966 1479 998 1544 iu
1023 1499 1101 1544 voco
1126 1485 1302 1564 apparente

127 1586 333 1654 reducendus
357 1595 405 1654 cst
429 1589 470 1654 ad
494 1590 731 1674 proportionem
751 1587 1087 1674 pulchritudinemque
1111 1587 1234 1650 mentis.

239 1694 422 1762 Anratorius
447 1717 522 1762 vero
546 1717 666 1760 memor
690 1703 739 1760 est
764 1693 903 1776 quodam
929 1692 1024 1760 modo
1041 1693 1301 1778 pulclrritudinis3

127 1799 206 1880 quia
228 1808 333 1866 autem
358 1808 524 1884 serraratus
548 1809 596 1865 est
618 1803 659 1865 ab
683 1803 763 1884 ipsa,
788 1821 851 1864 non
875 1807 981 1883 potest
1005 1799 1187 1884 perdiscere
1211 1819 1301 1881 eam,

126 1905 187 1970 scd
212 1909 377 1990 perculsus
401 1929 421 1970 a
444 1907 595 1990 pulchris,
630 1926 712 1989 quae
743 1905 910 1990 adspectui
942 1912 1064 1989 patent,
1098 1906 1303 1971 vehementer

127 2015 353 2093 concitatum).
401 2015 513 2095 ltaque
537 2013 600 2097 hio,
633 2034 672 2078 ne
707 2033 768 2078 nno
799 2015 887 2096 quasi
914 2033 1046 2097 corpore
1071 2033 1105 2078 se
1130 2013 1224 2077 adfici
1249 2035 1302 2097 pa·-

127 2121 237 2202 tiatnr,
263 2119 426 2186 docendus
451 2127 509 2204 est,
533 2128 567 2186 ut
591 2120 716 2186 ratione
737 2121 779 2185 ad
804 2122 908 2185 omnia
932 2119 1047 2185 duetus
1072 2139 1206 2204 corpora
1231 2139 1302 2184 con-

126 2226 303 2292 sideranda
329 2235 503 2312 cognoscat
525 2230 558 2293 in
583 2230 705 2294 cunctis
730 2248 799 2294 csse
822 2229 919 2310 idem,
945 2227 1030 2310 quod
1055 2226 1183 2309 quidem
1199 2248 1218 2290 a
1235 2246 1302 2291 oor·

126 2335 261 2419 poribus
294 2334 454 2402 diversum
478 2336 520 2400 sit
544 2343 576 2400 et
600 2335 728 2400 aliunde
761 2335 916 2420 procedat
940 2336 1076 2418 aliisque
1100 2336 1203 2417 magis
1227 2333 1303 2399 insit

129 2439 219 2506 velut
241 2441 274 2504 in
297 2441 412 2507 studiis
436 2442 622 2526 legibusque
646 2441 787 2527 pulchris
796 2443 832 2522 ⁵).
879 2441 1052 2505 Praeterea
1069 2440 1302 2506 ostendendum

128 2553 181 2611 est
205 2548 301 2612 etiarn
325 2549 358 2612 in
382 2549 503 2614 artibus
520 2555 553 2614 et
569 2551 600 2614 in
624 2547 768 2614 scientiis
792 2556 890 2632 atque
914 2547 947 2612 in
972 2548 1141 2613 virtutibus
1165 2547 1302 2632 pulchri-

127 2651 274 2719 tudinem
297 2656 401 2722 inesse
425 2664 521 2740 atque
545 2659 577 2721 in
602 2657 724 2723 cunctis
749 2659 890 2736 unamssl.
947 2655 1029 2719 Turn
1058 2653 1302 2736 demonstretur,

127 2760 290 2842 quomodo
323 2763 442 2829 existat
474 2765 554 2830 haee
587 2763 802 2850 pulchritudo.
853 2763 1000 2844 Denique
1025 2783 1044 2828 a
1068 2761 1237 2826 virtutibus
1261 2760 1302 2826 ad

127 2867 326 2933 intellectum
351 2877 447 2953 atque
471 2870 574 2955 ipsum
598 2872 665 2938 Ens
688 2869 937 2956 perveniendum
961 2871 1054 2950 esu).

239 3011 265 3077 1)
285 3011 371 3065 Enn.
392 3012 412 3080 Ι,
432 3013 456 3079 3,
479 3016 511 3067 l:v
537 3015 626 3082 ὥσπερ
646 3016 672 3067 οἱ
689 3013 768 3067 δειλοὶ
785 3013 851 3082 πρὸς
870 3012 930 3071 τούς
949 3014 1066 3081 ψόφους,
1093 3013 1163 3064 οὕτω
1183 3011 1228 3063 καὶ
1247 3017 1302 3062 τοῦ·

127 3117 174 3149 τον
195 3098 245 3165 (sc.
266 3098 308 3151 τὸν
326 3101 465 3170 μουσικὸν)
492 3103 558 3169 πρὸς
577 3103 636 3162 τούς
656 3105 792 3172 φθόγγους
811 3103 857 3156 καὶ
876 3101 905 3154 τὸ
923 3101 1004 3155 καλὸν
1023 3100 1052 3153 τὸ
1070 3101 1098 3152 έν
1118 3100 1217 3158 τούτοις
1236 3100 1301 3151 ἕτοι-

125 3207 190 3254 μον,
209 3188 338 3256 φεύγοντα
357 3189 386 3241 δέ
405 3190 444 3242 ἀεὶ
463 3189 626 3258 ἀνάρμοστον
651 3193 695 3245 καὶ
715 3192 743 3245 τὸ
761 3192 798 3260 μὴ
818 3193 845 3245 ἓν
864 3191 891 3244 ἓν
909 3199 961 3248 τοῖς
981 3189 1117 3258 ᾀδομένοις
1136 3189 1181 3242 καὶ
1200 3188 1227 3240 έν
1248 3196 1301 3246 τοῖς

127 3275 246 3344 ῥυθμοῖς
265 3277 292 3330 τὸ
312 3277 448 3346 εὔρυθμον
467 3280 512 3332 καὶ
531 3280 560 3332 τὸ
578 3281 711 3350 εὔσχημον
731 3283 847 3336 δίωκειν.

237 3365 345 3434 2)11).τ
371 3371 520 3437 χωρίζοντα
547 3371 596 3440 τὴν
619 3371 682 3439 ὕλην
701 3370 745 3438 ἐφ’
770 3371 808 3424 ὧν
826 3373 855 3424 αἱ
871 3370 1004 3438 ἀντιλογίαι
1023 3368 1068 3421 καὶ
1087 3370 1114 3421 οἱ
1130 3368 1200 3436 λόγοι
1219 3369 1255 3426 εἰς
1274 3366 1302 3420 τὸ

127 3454 227 3513 κάλλος
248 3455 277 3508 τὸ
296 3457 335 3510 ἐπ’
355 3459 443 3518 αὐτοῖς
461 3459 562 3514 ἀκτέον.

238 3544 265 3606 3)
285 3545 337 3598 ib.:
361 3547 405 3600 καὶ
425 3549 567 3618 διδακτέον,
591 3551 628 3609 ὡς
646 3551 706 3620 περὶ
725 3552 742 3604 ἃ
760 3550 867 3619 ἐπτόητο
885 3549 972 3602 ἐκεῖνα
990 3548 1031 3616 ἦν,
1050 3547 1067 3616 ἦ
1086 3545 1166 3614 νοητὴ
1189 3546 1302 3614 ἁρμονία

127 3632 176 3685 καὶ
194 3632 223 3685 τὸ
241 3633 269 3685 ἐν
288 3634 365 3702 ταύτῃ
385 3636 467 3688 καλὸν
485 3639 529 3690 καὶ
548 3640 616 3698 ὅλως
633 3641 662 3693 τὸ
681 3641 770 3707 καλόν,
789 3640 821 3694 οὐ
841 3641 870 3692 τό
888 3661 909 3690 τι
928 3637 1009 3702 καλὸν
1026 3639 1114 3705 μόνον.

237 3722 265 3790 4)
284 3722 368 3775 Enu.
389 3723 410 3790 I,
430 3724 455 3791 3,
475 3725 506 3778 2:
525 3729 609 3794 χωρὶς
629 3729 657 3782 δέ
676 3730 714 3782 ὢν
732 3729 857 3782 ἀδυνατεῖ
880 3728 1052 3796 καταμαθεῖν,
1080 3727 1254 3794 πληττόμενος
1274 3724 1303 3778 δέ

128 3809 182 3863 ὑπὸ
200 3818 253 3864 τῶν
272 3812 299 3865 έν
317 3814 379 3881 ὄψει
399 3813 488 3866 καλῶν
506 3815 565 3882 περὶ
584 3817 648 3871 αὐτὰ
666 3819 794 3885 ἐπτόηται.

231 3901 264 3970 5)
284 3903 337 3957 ib.:
357 3903 494 3958 διδακτέον
513 3904 560 3958 οὗν
577 3906 654 3960 αὐτὸν
671 3905 709 3975 μὴ
728 3907 787 3974 περὶ
806 3909 833 3960 ἓν
851 3899 929 3974 σῶμα
947 3908 1057 3960 πεσόντα
1076 3906 1228 3975 ἐπτοῆσθαι,
1246 3903 1302 3958 ἀλλ’

128 3989 172 4042 tal
190 3990 272 4046 πάντα
290 3993 382 4048 ἀκτέον
401 3997 437 4063 τῷ
455 3995 525 4064 λόγῳ
545 3995 653 4064 σώματα
672 3995 807 4048 δεικνύντα
827 3995 855 4048 τὸ
867 3996 895 4048 ἓν
913 4003 976 4048 πᾶσι
995 3995 1087 4049 ταύτὸν
1106 3995 1151 4048 καὶ
1163 3997 1200 4047 ὅτι
1215 3995 1301 4060 ἕτερον

129 4087 184 4132 τῶν
203 4083 334 4149 σωμάτων
362 4086 406 4140 καὶ
434 4088 471 4139 ὅτι
500 4087 613 4140 ἄλλοθεν
631 4086 735 4139 λεκτέον
763 4085 808 4139 καὶ
827 4087 863 4138 ὅτι
882 4085 909 4138 έν
929 4085 1016 4144 ἄλλοις
1034 4087 1150 4153 μᾶλλον·
1175 4086 1231 4140 οἷον
1250 4085 1301 4137 ε’πι-

129 4171 278 4238 τηδεύματα
297 4175 365 4229 καλὰ
383 4176 428 4230 καὶ
447 4178 544 4244 νόμους
563 4175 660 4236 καλούς
678 4177 825 4242 δεικνύντα.

238 4265 265 4330 ll)
287 4265 339 4320 ib.:
367 4268 412 4320 καὶ
439 4270 477 4320 ὅτι
503 4268 530 4321 έν
550 4268 651 4337 τέχναις
669 4267 714 4321 καὶ
733 4267 761 4320 ἒν
779 4267 930 4335 ἐπιστήμαις
953 4265 998 4319 καὶ
1018 4266 1045 4318 ἓν
1069 4266 1180 4332 ἀρεταῖς.
1200 4263 1254 4316 εἶτα
1273 4263 1301 4314 ἓν

127 4358 250 4424 ποιητέον
269 4357 314 4410 καὶ
333 4359 476 4426 διδακτέον,
495 4361 568 4418 ὅπως
587 4359 735 4429 ἐγγίνονται,

239 4446 265 4510 7)
285 4447 337 4500 ib.:
357 4447 408 4499 ἀπὸ
422 4447 450 4499 δέ
463 4456 515 4500 τῶν
529 4449 629 4514 ἀρετῶν
642 4449 693 4515 ἤδη
708 4447 758 4514 (sc.
770 4448 822 4514 δεῖ)
836 4447 984 4513 ἀναβαίιαιν
998 4441 1039 4493 ἐπὶ
1059 4448 1127 4505 νοῦν,
1148 4440 1189 4492 έπὶ
1203 4439 1230 4491 τὸ
1244 4441 1280 4492 ὄν.
