3172 5142
637 413 812 466 „21-

132 597 233 658 etiam
259 595 328 679 ipsa
353 592 567 678 pulchr·itud0‚
598 594 619 656 i.
642 613 670 657 e.
695 592 798 657 forma
826 613 882 676 per
911 611 946 656 se
970 592 1128 657 exsistens
1152 599 1183 656 et
1208 591 1308 656 divini

133 702 243 766 vultus
268 700 432 785 expressio
456 699 625 782 quaedam.
674 698 744 776 Qua
778 698 819 764 de
852 719 950 763 causa
979 698 1085 763 anima
1114 697 1246 763 redacta
1275 699 1308 763 in

132 808 331 872 intellectum
369 807 545 871 eminenter
580 805 714 890 pulchra
757 808 851 883 estu.
914 805 1100 870 Intellectus
1135 811 1241 869 alutem
1277 806 1333 870 et'

132 913 291 997 quidquid
314 914 355 978 ah
379 913 542 977 intellectu
567 919 686 993 manat,
719 933 781 977 non
815 912 953 976 alienum
983 910 1040 976 sed
1069 912 1230 996 proprium
1260 919 1308 978 est

132 1022 259 1086 animae
276 1020 390 1101 decus3
415 1041 489 1083 nam
514 1027 581 1082 tum
605 1018 732 1082 demum
749 1039 825 1082 vere
849 1019 917 1082 sola
941 1024 989 1083 est
1012 1020 1129 1102 anima,
1157 1039 1228 1083 cum
1244 1039 1309 1083 una

131 1127 225 1192 faeta
249 1134 297 1192 est
327 1147 398 1200 cum
423 1125 628 1198 intellectul).
660 1124 846 1188 Intellectus
871 1143 956 1206 veru,
981 1145 998 1188 a
1025 1145 1087 1206 quo
1111 1127 1218 1190 anima
1241 1126 1307 1209 pul·

85 1252 95 1266 ·
132 1232 347 1301 chritudinem
372 1233 546 1322 accipite„
562 1251 625 1295 non
654 1237 702 1296 est
726 1251 847 1295 summa
872 1229 1086 1314 pulchritudo,
1116 1252 1308 1314 quamquam

131 1361 260 1426 semper
290 1341 423 1425 pulcher
448 1346 505 1421 est,
540 1336 572 1401 id
607 1337 692 1420 quod
726 1345 774 1402 est
808 1338 977 1402 discrimen
1006 1339 1089 1402 inter
1112 1339 1307 1404 intellectum

131 1456 232 1530 atque
256 1447 404 1512 animam.
452 1447 560 1510 Primo
586 1445 667 1510 enim
694 1446 763 1510 loco
789 1446 859 1528 ipsa
882 1444 1086 1529 pulchritudo
1108 1445 1139 1528 (ἡ
1156 1446 1305 1530 antioch)

131 1554 324 1620 collocanda
357 1561 414 1635 est,
452 1573 534 1635 quae
564 1551 676 1616 eadem
707 1557 755 1617 est
784 1558 881 1634 atque
904 1553 1008 1636 ipsum
1033 1553 1165 1634 Bonum,
1202 1573 1307 1634 aquo

130 1667 244 1725 manat
267 1661 496 1742 intellectus⁴);
522 1659 705 1724 intellectus
730 1665 838 1724 autem
863 1665 911 1724 est
941 1659 1043 1742 ipsum
1069 1659 1234 1743 pulchrum
1261 1660 1308 1741 (τὸ

130 1767 244 1849 καλόν)
257 1768 290 1846 ⁵).
323 1768 425 1832 Recte
449 1767 548 1849 igitur
573 1767 689 1830 bonum
713 1765 944 1848 pulchrumque
968 1765 1093 1830 animae
1118 1766 1150 1829 in
1174 1786 1213 1830 eo
1235 1785 1308 1832 con·

130 1873 247 1940 sistere
271 1873 397 1954 dicitur,
422 1880 456 1936 ut
481 1873 543 1936 Dei
568 1873 609 1936 sit
633 1871 754 1953 similis,
786 1870 936 1952 quoniam
961 1871 1035 1935 hinc
1060 1871 1158 1937 decor
1181 1873 1307 1938 animae

130 1980 325 2066 provenitss).
358 1980 520 2060 Actiones,
545 1977 662 2060 studia,
687 1977 792 2042 officia
816 1978 924 2042 anima
947 1984 1020 2042 sunt
1036 1978 1184 2062 pulchra3
1211 1980 1307 2044 etiam

132 2108 279 2172 corpora,
305 2107 386 2168 quae
403 2086 536 2172 pulchra
553 2085 713 2167 dicuntur,
737 2084 817 2150 talia
833 2084 1013 2150 efficiuntur
1030 2085 1069 2149 ab
1087 2086 1204 2168 anima,
1225 2106 1307 2168 quae

132 2194 273 2278 quidem,
298 2201 460 2276 tamquam
477 2193 620 2257 divinum
644 2191 765 2274 aliquid
783 2197 815 2257 et
832 2192 932 2276 ipsius
956 2191 1081 2276 pulchri
1103 2213 1187 2277 pars,
1213 2212 1307 2276 quae-

132 2321 258 2384 cunque
282 2303 391 2384 attigit
415 2300 651 2384 superavitque,
677 2297 784 2362 reddit
808 2319 865 2382 pro
888 2304 1023 2364 naturae
1040 2299 1222 2384 capacitate
1239 2301 1305 2386 pul·

131 2408 243 2486 chrall
294 2409 335 2472 Ut
366 2407 464 2490 igitur
498 2406 632 2470 virtutes
666 2427 728 2470 non
753 2404 915 2490 pertinent
943 2405 985 2470 ad
1010 2414 1155 2472 naturam
1180 2409 1306 2472 animae

130 2515 189 2582 sed
215 2521 338 2579 tantum
362 2514 567 2600 praeparatio
598 2521 629 2577 et
662 2514 752 2596 quasi
776 2512 966 2578 vestibulum
992 2513 1197 2598 perfectionis
1222 2522 1305 2596 sunt,

130 2625 179 2687 ita
214 2622 308 2686 etiam
344 2621 424 2686 vitia
460 2628 605 2687 naturam
640 2621 766 2686 animae
802 2627 936 2704 tangere
971 2641 1034 2684 non
1069 2627 1212 2704 possunt.
1269 2621 1305 2686 Si

130 2729 239 2794 anima
263 2736 361 2794 totam
387 2749 421 2792 se
445 2728 534 2793 dedit
558 2729 721 2809 materiae,
752 2734 859 2792 tamen
883 2748 1013 2812 prorsus
1037 2729 1143 2812 perire
1167 2749 1229 2794 non
1253 2750 1306 2813 po-

131 2842 205 2910 test,
241 2834 298 2900 sed
331 2853 457 2918 semper
489 2833 603 2898 intima
636 2833 762 2898 animae
796 2854 870 2917 pars
905 2835 975 2899 iura
1008 2834 1137 2901 divinae
1172 2846 1306 2902 naturae

130 2944 257 3008 retinet.

241 3049 290 3110 De
313 3047 551 3130 pulchritudine
575 3050 701 3114 animae
723 3049 803 3114 satis
824 3047 944 3113 dictum
963 3057 1026 3131 est3
1051 3052 1229 3134 proximum
1247 3058 1305 3133 est,

131 3161 166 3220 ut
191 3153 460 3239 pulchritudinem
490 3155 590 3238 ipsius
614 3156 694 3219 Boni
724 3155 931 3238 explicemus.
978 3156 1021 3221 Ut
1047 3155 1249 3240 pulchritudo
1274 3157 1306 3222 in

132 3282 267 3347 corpore
291 3281 450 3346 apparens
473 3261 642 3326 referenda
667 3268 715 3326 est
740 3261 782 3326 ad
806 3263 941 3326 formam
965 3270 1108 3346 naturae,
1133 3272 1167 3328 ut
1184 3264 1305 3330 formae

132 3376 268 3436 naturae
296 3369 338 3434 ad
367 3371 522 3436 rationem
547 3368 685 3451 animae,
710 3375 745 3433 ut
768 3370 850 3434 ratio
875 3369 1001 3435 animae
1026 3368 1067 3434 ad
1093 3372 1306 3455 cogitationes

131 3477 249 3542 mentis
272 3513 312 3521 -
340 3479 386 3541 sic
412 3478 626 3560 cogitationes
655 3477 770 3542 mentis
799 3476 1002 3543 revocandae
1028 3477 1165 3543 suntad
1190 3479 1304 3543 Unum.

243 3688 270 3756 1)
291 3687 374 3739 Eun.
387 3687 408 3753 I,
419 3688 444 3751 6,
454 3689 485 3740 6;
499 3689 575 3756 ψυχὴ
589 3690 636 3740 οὖν
650 3689 795 3756 coaptatae
807 3690 872 3757 πρὸς
884 3697 946 3742 νοῦν
959 3690 1000 3742 ἐπὶ
1010 3689 1038 3742 τὸ
1047 3689 1144 3756 μᾶλλόν
1154 3689 1206 3742 ἐστι
1217 3690 1305 3742 καλόν.

241 3776 341 3840 2)ἰ1).;
368 3782 431 3833 νοῦς
460 3774 488 3828 δὲ
515 3775 560 3827 καὶ
588 3775 618 3827 τὰ
646 3775 717 3842 παρὰ
746 3785 792 3828 νοῦ
821 3777 849 3828 τὸ
877 3777 972 3836 κάλλος
991 3778 1056 3846 αὐτῇ
1075 3777 1172 3830 οἰκεῖον
1192 3778 1236 3830 καὶ
1255 3778 1305 3830 οὐκ

130 3869 273 3934 ἀλλότριον,
291 3868 328 3919 ὅτι
347 3867 402 3918 τότε
421 3864 488 3917 ἐστὶν
507 3865 588 3921 ὄντως
605 3865 685 3930 μόνον
704 3865 789 3931 ψυχή.

241 3956 268 4018 3)
288 3956 342 4009 ib.:
365 3953 440 4024 ψυχὴ
461 3953 490 4006 δὲ
508 3961 547 4020 νῷ
566 3953 647 4004 καλόν

242 4045 270 4109 4)
289 4046 342 4098 ib.:
361 4045 406 4098 καὶ
426 4045 577 4112 τὸπρῶτον
596 4042 686 4094 θετέον
705 4040 751 4109 τὴν
769 4041 908 4109 καλλονήν,
928 4043 990 4108 ὅπερ
1010 4043 1054 4095 καὶ
1074 4043 1193 4111 τάγαθόν.

241 4135 268 4197 5)
289 4135 343 4188 ib.:
363 4135 411 4203 ἀφ’
430 4136 463 4189 οὗ
482 4142 542 4193 νοῦς
561 4132 642 4191 εὐθὺς
661 4132 689 4185 τὸ
708 4132 796 4185 καλόν.

240 4223 270 4289 6)
290 4223 342 4276 ib.:
363 4224 391 4276 τὸ
409 4224 510 4292 ἀγαθὸν
529 4223 573 4277 καὶ
592 4222 673 4276 καλὸν
687 4221 733 4292 τὴν
746 4221 838 4292 ψυχὴν
851 4222 969 4290 γίνεσθαι
981 4222 1147 4290 ὁμοιωθῆναι
1161 4223 1225 4277 εἶναι
1239 4226 1304 4291 θεῷ.

243 4313 270 4377 l)
292 4313 344 4364 ib.:
364 4314 407 4364 ἅτε
426 4314 475 4381 γὰρ
495 4315 569 4368 θεῖον
592 4313 658 4367 οὖσα
678 4313 724 4367 καὶ
742 4313 799 4366 οἷον
816 4320 896 4380 μοῖρα
915 4319 960 4366 τοῦ
980 4312 1070 4378 καλοῦ,
1091 4309 1129 4364 ὦν
1147 4312 1178 4365 ἂν
1197 4313 1305 4380 ἐφάψη-

132 4425 174 4456 ται
194 4401 238 4455 καὶ
258 4410 350 4468 κρατῇ,
370 4402 437 4454 καλὰ
459 4411 545 4470 ταῦτα,
566 4404 602 4461 ὡς
622 4403 731 4466 δυνατὸν
749 4403 835 4462 αὐτοῖς
853 4403 1013 4473 μεταλαβεῖν,
1032 4408 1106 4454 ποιεῖ.
