3172 5142
632 428 788 481 ,9-

125 633 183 677 sua
211 610 393 678 oolraerent.
441 609 559 675 Omnes
576 615 721 688 ⁴naturae
751 616 825 675 sunt
849 629 912 674 una
936 614 1060 690 natura,
1094 628 1204 673 omnes
1232 611 1295 673 ani-

126 739 196 784 mae
229 724 301 783 sunt
333 737 396 782 una
429 717 545 799 anima,
580 736 689 782 omnes
718 697 840 782 mentes
869 723 943 781 sunt
966 736 1029 780 una
1052 735 1156 788 mens,
1199 715 1297 780 Idoue

125 825 247 890 suntin
264 831 369 889 mente
387 824 610 907 cogitationes,
634 822 666 888 in
684 824 791 888 anima
807 824 957 905 rationes,
982 823 1014 886 in
1031 828 1145 886 natura
1164 822 1296 914 formae.

126 931 229 998 Unum
254 937 285 995 θῖ
301 931 436 995 materia
452 937 623 1015 propterea
639 951 701 995 non
717 937 791 996 sunt
807 929 911 1012 ideae,
936 928 1022 1012 quod
1038 928 1129 996 ideas
1145 930 1296 1014 gignunt3

125 1039 230 1104 Unum
254 1059 350 1123 supra
374 1037 465 1102 ideas
489 1038 625 1122 positum
650 1043 708 1120 est,
741 1037 878 1102 materia
901 1037 984 1102 inira
1006 1037 1105 1102 ideas.
1126 1115 1128 1120 Ι
1162 1038 1298 1104 Materia

126 1153 158 1212 et
173 1146 277 1211 Unum
301 1129 364 1209 non
389 1143 536 1228 cogitari,
560 1142 616 1208 sed
634 1150 755 1208 tantum
779 1145 1047 1228 contemplatione
1071 1144 1297 1228 comprehendi

125 1259 268 1338 possunt.
315 1249 452 1316 Mundus
481 1251 641 1316 sensibilis
670 1249 843 1316 secundum
868 1271 902 1316 sc
926 1257 1090 1335 spectatus
1113 1251 1298 1318 harmoniae

126 1358 255 1424 divinae
279 1359 391 1442 plenus
416 1363 478 1438 estq
505 1356 562 1422 sed
586 1363 733 1442 respectu
759 1359 848 1441 regni
869 1357 1011 1423 idearum
1029 1353 1232 1424 simulacrum
1250 1367 1298 1426 cst

125 1474 223 1550 atque
251 1467 373 1532 umbra.
425 1467 607 1530 Desccnsus
631 1465 757 1531 animae
785 1467 817 1530 in
849 1486 964 1551 corpus
992 1473 1040 1534 est
1070 1466 1236 1532 calamitas
1267 1475 1298 1532 et

125 1595 241 1660 poena.
993 1629 995 1634 ,

233 1682 342 1746 Habes
365 1681 463 1765 igitur
488 1681 604 1746 Plotini
628 1680 862 1765 philosophiam
886 1677 1027 1746 breviter
1059 1679 1297 1762 adumbratam

125 1788 190 1856 ianr
214 1785 256 1851 ad
285 1808 350 1854 rem
379 1789 481 1873 ipsam
511 1787 747 1871 aggrediamur.
795 1788 922 1851 Initium
952 1787 1109 1853 faciamus
1133 1809 1152 1852 a
1180 1787 1298 1852 Plotini

125 1895 217 1976 libro,
243 1895 296 1975 qui
320 1895 502 1959 inscribitur
525 1894 597 1975 περὶ
619 1901 673 1957 τοῦ
698 1896 797 1958 καλοῦ
812 1897 844 1975 1),
875 1900 906 1957 θῖ
936 1895 1112 1960 inseramus
1141 1915 1298 1976 quaeeun-

126 2021 187 2084 que
221 2001 291 2066 aliis
323 1989 562 2066 locis'subtilis
595 1999 775 2085 disputator
808 2007 914 2066 noster
947 2001 1042 2066 docet
1076 2000 1116 2067 de
1154 2003 1298 2086 pulchro.

126 2109 216 2173 Haec
241 2107 281 2172 de
305 2108 438 2193 pulchro
463 2108 647 2174 dissertatio
676 2107 831 2174 dividitur
858 2110 891 2173 in
920 2116 984 2174 tres
1013 2115 1132 2194 partes,
1166 2130 1297 2192 quarum

125 2215 228 2298 prima
245 2221 362 2281 tractat
379 2215 544 2301 pulchrum
562 2215 722 2297 sensibile,
747 2215 888 2281 secunda
904 2216 1069 2301 pulchrum
1087 2216 1298 2300 intelligibile,

125 2322 221 2386 tertia
244 2321 411 2405 pulchrum
435 2322 613 2386 artificiale.

233 2429 376 2493 Plotinus
400 2429 518 2513 reperit
541 2427 810 2513 pulchritudinem
835 2431 972 2494 maxime
1001 2433 1032 2493 in
1062 2431 1110 2512 iis,
1144 2452 1226 2513 quae
1255 2432 1298 2496 vi-

126 2535 249 2612 dentur,
273 2555 377 2618 neque
401 2541 507 2601 tamen
531 2542 629 2619 negat
653 2536 820 2622 pulchrum
837 2555 907 2602 csse
923 2537 955 2600 in
972 2536 1126 2620 oratione,
1152 2558 1233 2620 quae
1250 2545 1299 2602 est

125 2643 293 2707 verborum
311 2643 510 2727 compositio,
535 2650 567 2708 et
587 2645 619 2708 in
643 2645 774 2725 musica,
800 2643 998 2726 quodetiam
1017 2651 1128 2709 cantus
1145 2652 1176 2709 et
1193 2665 1299 2710 nurne-

125 2750 189 2813 rosi
219 2757 391 2815 concentus
420 2751 484 2814 sint
513 2751 635 2834 pulchri
649 2751 685 2836 ²).
733 2751 838 2835 Supra
866 2771 991 2815 sensum
1016 2751 1138 2816 invenit
1163 2751 1299 2836 pbiloso-

125 2855 207 2940 phus
232 2863 339 2923 noster
364 2857 496 2940 pulchra
520 2857 626 2922 studia
650 2865 682 2922 et
706 2858 811 2922 officia
835 2865 867 2923 et
890 2859 1034 2923 actiones
1058 2867 1090 2923 et
1114 2858 1242 2924 habitus
1267 2866 1299 2923 θῖ

125 2963 278 3028 scientias
302 2968 398 3045 atque
422 2964 573 3029 virtutum
598 2964 866 3050 pulchritudinem
878 2967 911 3045 ³).
959 2965 1043 3043 Quid
1061 2973 1118 3049 est,
1143 2967 1189 3030 ita
1206 2967 1299 3029 inter-

126 3074 220 3152 rogat
236 3069 391 3150 Plotinus,
417 3071 502 3152 quod
527 3071 634 3154 efficit,
660 3079 695 3136 ut
719 3071 799 3136 haec
823 3073 929 3137 omnia
947 3072 1081 3156 pulchra
1098 3073 1299 3155 appareant?

125 3177 225 3241 Estne
248 3174 343 3250 idem,
369 3197 409 3240 an
426 3176 512 3240 aliud
531 3177 682 3258 quiddam
700 3179 732 3242 in
750 3179 945 3262 corporibus,
971 3178 1059 3242 aliud
1076 3199 1151 3243 vero
1168 3178 1199 3241 in
1217 3177 1299 3260 aliis

126 3281 212 3365 quod
236 3281 505 3366 pulchritudinem
534 3283 713 3363 officiata?
761 3284 903 3368 Corpora
932 3283 1059 3367 quidem
1087 3306 1150 3350 non
1179 3306 1236 3371 per
1265 3307 1299 3351 so

126 3389 261 3474 pulchra
284 3397 357 3455 srmt
368 3389 409 3477 5);
434 3413 507 3456 nam
524 3390 611 3457 aliud
628 3398 677 3457 est
702 3412 817 3478 eorpus
834 3413 911 3469 esse,
936 3393 1024 3458 aliud
1041 3415 1116 3460 vero
1133 3393 1299 3478 pulchrum

126 3517 206 3562 esse.
258 3498 345 3580 Ergo
378 3499 624 3582 participatione
636 3501 661 3580 6)
695 3520 811 3584 corpus
843 3501 1009 3586 pulchrum
1044 3508 1102 3568 est.
1157 3500 1299 3565 Virtutes

236 3673 262 3736 1)
282 3673 368 3726 Eun.
389 3673 410 3738 Ι,
430 3675 454 3726 6.

234 3761 261 3825 2)
281 3761 368 3814 Enn.
388 3761 409 3827 l,
429 3761 454 3828 6,
476 3762 503 3815 l:
528 3763 561 3816 Τὸ
579 3765 660 3817 καλόν
678 3766 731 3817 ε’σιι
749 3769 798 3832 μὲν
817 3767 844 3818 ἐν
863 3769 926 3834 ὄψει
944 3768 1068 3820 πλεῖστον·
1089 3768 1140 3820 ἔστι
1154 3767 1183 3819 δὲ
1196 3766 1224 3818 ἕν
1237 3767 1298 3820 ἀκο-

126 3861 167 3910 αῖς
186 3852 252 3904 καιά
271 3873 297 3904 ιε
315 3852 399 3919 λόγων
418 3851 553 3910 συνθέσεις
573 3853 619 3905 καὶ
637 3854 664 3905 ἐν
682 3863 799 3922 μουσικῇ
817 3856 914 3922 ἁπάσῃ,

237 3940 265 4008 3)
285 3941 338 3994 ib.:
357 3939 548 4008 ἐπιτηδεύματα
567 3939 635 3994 καλὰ
658 3942 703 3994 καὶ
722 3943 829 4008 πράξεις
848 3944 892 3995 καὶ
907 3945 974 4005 ἕξεις
994 3945 1039 3996 καὶ
1052 3945 1193 4012 ἐπιστῆμαί
1209 3965 1235 3996 ιε
1254 3946 1299 3998 καὶ

127 4030 156 4082 ud
175 4037 228 4082 τῶν
248 4031 350 4098 ἀρετῶν
368 4029 470 4089 κάλλος.

235 4118 263 4183 4)
283 4121 336 4172 ib.:
364 4120 409 4172 καὶ
428 4119 479 4187 ἆρά
505 4141 532 4188 γε
560 4120 596 4172 ἔνι’
622 4120 667 4173 καὶ
687 4129 724 4188 τῷ
742 4121 815 4188 αὐτῷ
835 4119 903 4174 καλὰ
923 4120 952 4174 τὰ
971 4122 1061 4186 πάντα,
1089 4123 1186 4190 cicilio
1205 4122 1253 4190 μὲν
1272 4125 1299 4176 ἐν

124 4207 226 4274 σώματι
245 4205 273 4258 td
292 4207 403 4284 κσίλιῖσςἸ
414 4209 476 4262 ἄλλο
495 4209 523 4263 δὲ
541 4209 569 4263 ἕν
588 4210 658 4277 ἄλλῳ
668 4225 680 4276 ,¹

159 4367 166 4384 ,
236 4295 263 4358 5)
283 4296 338 4348 ib.:
361 4297 391 4350 τὰ
413 4297 461 4365 μὲν
484 4298 532 4367 γὰρ
557 4299 589 4352 ori
612 4298 674 4368 παρ’
694 4301 782 4354 αὐτῶν
805 4308 857 4354 τῶν
881 4302 1064 4370 ὑποκειμένων
1087 4301 1162 4367 καλά,
1186 4302 1241 4354 οἷον
1270 4303 1299 4356 τὰ

129 4387 247 4433 omisero.

236 4438 262 4502 θ)
283 4439 335 4492 ru:
354 4440 467 4506 asara.
