3172 5142
628 440 804 491 ..13-

127 622 277 703 tionequc
302 642 364 686 non
389 621 516 705 penitus
539 626 735 704 penetratur,
762 640 832 684 cum
856 617 1008 684 videlicet
1032 619 1166 683 materia
1189 619 1304 683 forma-

128 730 247 792 tionem
272 727 446 792 sccundum
471 729 612 812 speciem
636 747 699 791 non
728 727 874 811 perfecte
903 727 1043 811 accipiat
1055 728 1087 805 ¹).
1135 724 1304 790 decedens

128 836 228 918 igitur
251 836 376 918 specics
400 833 444 915 id,
483 834 568 916 quod
593 855 633 898 ex
657 833 764 898 multis
788 833 934 918 partibus
962 853 1056 897 unum
1082 822 1219 897 futurum
1245 839 1303 914 est,

129 941 361 1025 compositione
385 961 480 1005 unum
506 941 596 1021 facit,
620 941 666 1004 ita
690 948 725 1004 ut
747 940 884 1024 plurium
902 960 1057 1006 consensu
1081 939 1137 1030 fiat
1160 959 1256 1003 unum
1269 942 1303 1020 ²).

129 1049 212 1114 Nam
238 1049 309 1133 ipsa
333 1053 402 1112 erat
426 1068 521 1112 unum
546 1054 643 1128 atque
661 1067 755 1110 unum
780 1067 850 1112 esse
867 1047 1007 1130 oportuit
1025 1047 1205 1129 formatum,
1230 1067 1304 1128 qua-

130 1163 233 1237 tenus,
272 1154 357 1236 quod
382 1175 422 1218 ex
447 1155 554 1219 multis
578 1154 789 1237 componitur,
826 1173 919 1217 unum
945 1154 1027 1218 effici
1052 1159 1160 1238 potest
1171 1156 1205 1234 ³).
1254 1155 1304 1217 ln-

129 1261 215 1326 sidet
232 1261 338 1348 igitur
362 1259 567 1345 pulchritudo
592 1261 623 1324 in
650 1280 687 1324 eo
713 1279 752 1324 ex
777 1259 884 1324 multis
900 1261 932 1323 in
948 1280 1044 1324 uncum
1060 1259 1192 1324 redacto
1209 1266 1305 1341 atque

130 1388 164 1432 sc
194 1369 297 1451 ipsam
328 1368 473 1452 partibus
501 1368 623 1449 totique
653 1367 794 1451 impertit
806 1369 843 1447 4).
891 1366 926 1432 Si
955 1387 1031 1432 vero
1062 1367 1186 1452 specics
1209 1385 1304 1430 unum

130 1473 293 1555 quoddam
319 1481 351 1538 ct
375 1475 530 1538 similibus
552 1474 877 1558 partibusconstans
906 1468 1112 1551 nanciscitur,
1148 1475 1181 1537 in
1205 1479 1305 1538 totum

130 1601 166 1645 sc
191 1579 258 1664 dat,
283 1588 317 1645 ut
341 1587 417 1672 tunc
441 1601 493 1646 ars
517 1581 576 1646 toti
600 1579 747 1645 aedificic
772 1588 804 1646 ct
827 1582 982 1666 partibus,
1017 1587 1091 1646 tunc
1115 1586 1229 1644 natura
1252 1582 1305 1644 uni

130 1685 233 1770 lapidi
257 1687 400 1771 impertit
424 1686 693 1772 pulchritudinem
705 1689 740 1764 ⁵).
789 1689 902 1770 Itaque
932 1708 1048 1772 corpus
1076 1687 1212 1752 efficitur
1239 1687 1306 1771 pul-

131 1792 240 1856 chrum
265 1795 512 1879 participatione
535 1795 670 1859 rationis
694 1815 714 1857 a
738 1794 846 1859 divino
870 1797 998 1859 numine
1022 1795 1227 1873 venientisss).

240 1899 437 1976 Quaeramus
468 1901 530 1965 hoc
559 1901 640 1982 loco,
677 1921 739 1983 quo
772 1900 866 1966 modo
899 1901 1065 1985 pulchrum
1099 1901 1305 1986 percipiatur.

132 2007 346 2088 Cognoscitur
369 2007 535 2093 pulchrum
559 2027 608 2091 eo,
639 2007 724 2090 quod
749 2009 855 2073 anima
879 2027 913 2072 sc
937 2009 1067 2092 speciei,
1102 2027 1184 2090 quae
1207 2028 1306 2092 penes

131 2115 234 2198 ipsam
260 2121 317 2196 cst,
354 2116 509 2180 assimilat
534 2121 566 2179 et
590 2115 623 2180 in
647 2135 717 2180 eam
742 2117 832 2198 quasi
862 2117 1058 2180 convertitur
1087 2122 1216 2196 tumque
1245 2115 1306 2179 hac

131 2221 241 2304 speeie
275 2231 426 2304 tanquam
462 2225 573 2287 norma
606 2225 704 2286 utitur
737 2231 771 2287 ut
806 2223 918 2305 regula
951 2223 993 2288 ad
1026 2221 1231 2304 iudicandum
1267 2221 1307 2286 de

131 2327 236 2392 lineae
265 2329 457 2393 rectitudine
471 2331 506 2409 ⁷).
555 2330 668 2410 ltaque
697 2330 834 2394 naturali
865 2330 1003 2410 quodam
1033 2329 1153 2395 iudicio
1183 2328 1224 2393 de
1252 2328 1308 2392 ho-

132 2471 347 2479 ..ἡ--

245 2559 271 2626 1)
290 2557 376 2612 Enn.
400 2558 423 2626 I,
442 2559 466 2626 6,
480 2558 510 2612 2:
538 2559 648 2628 αἰσχρὸν
676 2558 705 2613 δὲ
732 2560 777 2613 καὶ
798 2560 826 2613 τὸ
852 2559 891 2629 μὴ
906 2559 1045 2630 ’κρατηθὲν
1064 2561 1116 2614 ὑπὸ
1133 2568 1241 2630 μορφῆς
1260 2561 1306 2614 καὶ

135 2647 214 2714 λόγου
233 2647 282 2700 οὐκ
301 2647 482 2716 ἀνασχομένης
501 2656 546 2716 τῆς
565 2649 629 2718 ὕλης
647 2649 676 2702 τὸ
694 2650 778 2718 πάντη
797 2649 865 2703 κατὰ
884 2650 913 2704 τὸ
931 2649 1001 2709 εἶδος
1019 2652 1201 2719 μορφοῦσθαι.

241 2735 269 2800 2)
288 2737 340 2790 ib.:
369 2737 488 2805 Προσιὸν
516 2737 563 2791 οὗν
590 2738 619 2790 τὸ
645 2737 717 2797 εἶδος
741 2739 768 2792 τὸ
786 2738 835 2807 μέν
853 2739 883 2792 έκ
903 2740 1008 2792 πολλῶν
1026 2739 1151 2808 ἐσόμενον
1169 2746 1260 2808 μερῶν
1278 2740 1306 2792 ἓν

133 2822 255 2876 συνθέσει
285 2825 407 2886 συνέταξέ
434 2847 461 2877 τε
487 2826 532 2878 καὶ
559 2827 596 2884 είς
614 2829 678 2894 μίαν
701 2829 845 2881 συντέλειαν
865 2828 943 2896 ἤγαγε
962 2849 1007 2881 και
1025 2829 1052 2881 ἓν
1071 2837 1103 2897 τῇ
1121 2829 1243 2897 ὁμολογίᾳ
1262 2849 1307 2880 ντε-

134 2914 252 2980 ποίηκεν.

234 3002 261 3065 3)
281 3003 335 3057 ihs:
355 3003 459 3072 ἐπείπερ
478 3005 506 3057 ἓν
524 3003 557 3074 ἦν
576 3004 638 3059 αὐτὸ
657 3005 685 3058 έν
702 3026 728 3058 τε
746 3008 808 3059 εἴδει
834 3005 862 3058 τὸ
884 3007 1072 3075 μορφούμενον
1090 3005 1154 3060 εἶναι
1176 3006 1213 3064 ὡς
1233 3007 1308 3058 δυνα-

134 3090 178 3143 τὸν
197 3090 269 3158 αὐτῷ
288 3091 319 3143 ἐκ
338 3093 443 3145 πολλῶν
462 3095 524 3146 ὄντι.

241 3179 269 3246 4)
289 3179 344 3232 ib.:
368 3181 482 3247 Ἵδρυται
502 3181 549 3233 οὖν
573 3182 614 3234 εἰτ’
633 3183 713 3235 αὐτοῦ
732 3183 760 3235 τὸ
779 3183 875 3241 κάλλος
895 3184 931 3241 είς
950 3184 977 3235 ἓν
996 3182 1171 3250 συναχθέντος
1190 3181 1236 3235 καί
1256 3189 1309 3240 τοῖς

104 3297 108 3302 ·
134 3269 225 3336 μέρεσι
245 3267 319 3321 dudda
337 3268 413 3322 ἑαυτὸ
433 3269 478 3322 καὶ
497 3277 551 3328 τοῖς
569 3270 647 3328 ὅλοις.

242 3357 269 3422 5)
289 3359 344 3412 ib.:
362 3360 423 3412 ὅταν
442 3357 471 3411 δὲ
483 3359 511 3412 ἕν
524 3379 546 3411 τι
565 3359 610 3413 καὶ
629 3359 784 3428 ὁμοιομερές
797 3360 941 3429 καταλάβῃ,
962 3361 998 3419 είς
1011 3361 1072 3413 ὅλον
1091 3362 1200 3414 δίδωσιν
1224 3361 1309 3414 ἑαυτό·

136 3445 191 3498 οἷον
211 3447 254 3510 (εἰ)
281 3445 323 3498 ὁτὲ
351 3447 400 3514 μὲν
426 3449 498 3517 πάσῃ
523 3449 595 3517 οἰκίᾳ
621 3447 687 3517 μετὰ
705 3456 758 3503 τῶν
785 3455 884 3518 μερῶν,
915 3449 956 3502 ὁτὲ
975 3448 1004 3502 δέ
1022 3449 1059 3503 ἑνί
1077 3451 1148 3518 λίθῳ
1168 3450 1253 3516 διδοίη
1273 3471 1309 3507 τις

136 3535 215 3602 φύσις
234 3534 263 3586 τὸ
281 3535 386 3602 κάλλος,
406 3546 438 3605 τῇ
457 3537 486 3590 δὲ
505 3539 521 3606 ἡ
540 3540 626 3607 τέχνη.

243 3623 270 3686 6)
290 3623 345 3675 ib.:
365 3625 434 3676 οὕτω
452 3625 500 3691 μὲν
519 3627 553 3694 δὴ
573 3627 602 3679 τὸ
620 3628 701 3681 καλὸν
720 3636 797 3696 σῶμα
810 3630 919 3696 γίγνεται
938 3629 1016 3696 λόγου
1036 3627 1087 3682 ἀπὸ
1099 3628 1174 3680 θείου
1187 3625 1310 3686 ἐλθόντος

136 3713 274 3778 κοινωνίᾳ.

245 3801 273 3869 7)
293 3800 379 3854 Enn.
399 3799 420 3866 I,
441 3801 465 3868 6,
485 3800 515 3853 3:
545 3802 670 3869 γινώσκει
699 3802 727 3854 δέ
756 3802 820 3855 αὐτὸ
838 3803 854 3870 ἡ
874 3803 914 3856 ἔνι’
934 3803 997 3856 αὐτὸ
1025 3805 1135 3870 δύναμις
1160 3803 1309 3871 τεταγμένη,

136 3889 169 3958 ἧς
196 3889 273 3944 οὐδὲν
300 3889 463 3957 κυριώτερον
490 3889 527 3947 εἷς
554 3891 643 3956 κρίσιν
666 3897 719 3942 τῶν
745 3891 846 3958 ἑαυτῆς,
874 3893 935 3944 ὅταν
954 3891 999 3944 καὶ
1018 3892 1035 3958 ἦ
1055 3893 1119 3960 ἄλλη
1140 3893 1308 3960 συνεπικρίνγγ

136 3980 226 4048 ψυχή·
256 3980 322 4048 τάχα
351 3979 380 4032 δὲ
406 3980 451 4032 καὶ
479 3978 544 4048 αὐτὴ
563 3979 629 4047 λέγει
649 3981 863 4046 συναρμόττουσα
887 3987 925 4046 τῷ
944 3979 1006 4045 παρ’
1025 3981 1091 4048 αὐτῇ
1109 3981 1172 4033 εἴδει
1192 3981 1309 4049 κάκείνῳ

136 4067 201 4134 πρὸς
224 4067 271 4138 τὴν
298 4071 383 4136 κρίσιν
402 4070 527 4138 χρωμένη
547 4070 635 4136 ὥσπερ
661 4069 752 4121 κανόνι
772 4075 818 4120 τοῦ
837 4067 938 4127 εὐθέος.
977 4068 1012 4120 cf.
1033 4069 1154 4123 Ficinus
1174 4069 1259 4123 adh.
1279 4071 1310 4124 l.:

140 4156 243 4224 „Duae
271 4164 341 4212 sunt
373 4161 439 4212 viae
469 4157 675 4228 cognoscendi
706 4157 839 4227 pulchri:
876 4157 971 4212 altera
999 4158 1099 4211 subita
1129 4174 1182 4228 per
1211 4160 1309 4228 ipsum

138 4260 258 4298 scnsunr
288 4247 418 4314 pulchri:
448 4249 544 4302 altera
574 4248 685 4302 sensim
711 4247 880 4316 procedens
904 4263 959 4317 per
978 4246 1123 4300 iudicium
1142 4253 1172 4301 et.
1192 4264 1310 4318 compa·

138 4335 285 4387 rationem
315 4335 438 4402 pulcrac
467 4338 594 4392 alicuius
623 4337 666 4391 rci
696 4343 842 4391 externae
862 4353 929 4391 curn
946 4338 1067 4390 ¹interno
1088 4339 1226 4405 exemplo
1248 4339 1309 4406 pul-

138 4422 341 4476 chritudinis.“
380 4423 444 4476 Hoc
474 4441 532 4478 non
563 4432 662 4492 rectc3
691 4429 846 4480 nanrhoc
876 4429 939 4481 loco
969 4431 1084 4480 tantum
1115 4431 1310 4496 opponuntur
