3172 5142
759 470 1011 538 *32-,

258 673 319 716 non
343 660 448 717 autem
474 653 643 738 propterea
667 650 752 732 qnod
787 658 835 717 est
868 652 959 736 lapis,
997 651 1137 734 alioquin
1173 653 1275 719 altera
1306 676 1438 738 quoque

257 760 355 824 moles
388 759 533 824 similiter
566 759 704 823 formosa
737 764 832 840 esset,
865 757 922 823 sed
947 779 996 842 eo,
1031 759 1116 840 qnod
1150 763 1292 846 speeiem
1323 764 1436 848 habet,

258 887 351 947 qnam
376 887 428 931 ars
452 865 599 931 adhibuit
611 864 644 947 ¹).
701 865 793 931 Hane
818 871 923 930 autem
948 866 1087 950 speciem
1112 887 1177 931 non
1201 867 1342 934 habebat
1365 892 1436 935 ma-

258 973 348 1055 teria,
372 971 430 1036 sed
453 973 557 1036 inerat
587 972 618 1034 in
648 972 864 1055 excogitante,
901 974 1083 1056 priusquam
1113 973 1146 1036 in
1171 973 1312 1058 lapidem
1337 975 1436 1041 deve-

258 1081 356 1159 niret3
396 1084 465 1142 erat
500 1084 605 1160 autern
641 1079 673 1142 in
710 1078 831 1142 artifice
861 1099 923 1142 non
949 1084 1105 1160 quatenus
1130 1080 1238 1144 oculos
1262 1088 1293 1144 et
1318 1101 1437 1146 manus

257 1185 397 1250 habebat
432 1185 561 1267 artifex,
597 1184 654 1250 sed
690 1193 847 1266 quatenns
882 1191 952 1250 arte
987 1185 1155 1270 praeditus
1192 1191 1304 1266 eretl).
1351 1189 1435 1252 Erat

257 1293 354 1374 igilur
389 1292 421 1356 in
456 1299 525 1356 arte
558 1291 761 1376 pulchritudo
785 1291 867 1357 haec
890 1292 989 1357 multo
1013 1293 1272 1376 praestantiori).
1318 1295 1436 1376 Neque

258 1397 341 1462 enirn
365 1399 489 1482 species
523 1399 604 1483 ipsa,
641 1419 723 1480 quae
752 1397 784 1462 in
808 1399 933 1464 artifice
957 1400 1051 1481 inest,
1088 1401 1174 1464 venit
1210 1400 1241 1463 in
1277 1399 1435 1484 lapidem,

256 1504 312 1568 sed
337 1511 444 1568 manet
468 1505 523 1570 illa
547 1504 685 1588 quidem,
711 1504 774 1568 alia
791 1525 866 1570 vero
890 1505 931 1569 ab
955 1505 1011 1570 illa
1035 1507 1161 1568 interim
1186 1506 1292 1590 prodit
1316 1507 1435 1589 minor,

257 1617 353 1692 atque
376 1630 416 1684 nc
440 1605 521 1676 haee
545 1611 673 1692 quidem
698 1631 778 1695 pura
793 1617 959 1696 permanet
974 1612 1007 1676 in
1030 1632 1065 1677 se
1081 1613 1152 1696 ipsa
1175 1633 1277 1694 neque
1303 1613 1435 1694 qualem

257 1719 391 1802 optabat
415 1717 542 1800 artifex,
567 1717 624 1782 sed
648 1724 804 1800 quatenus
827 1720 889 1784 arti
906 1717 1040 1784 materia
1057 1721 1164 1804 paruit
1176 1721 1213 1800 4).
1245 1720 1306 1784 Ars
1322 1727 1435 1785 autem

257 1844 329 1888 eum
353 1823 519 1908 pulchrum
554 1824 654 1890 faciat
689 1824 862 1890 seeundum
892 1826 1048 1890 rationem
1074 1827 1141 1890 sive
1166 1828 1324 1910 notionem
1350 1828 1434 1909 eius,

257 1930 341 2012 qnod
366 1931 444 1996 facit
467 1969 511 1978 -
534 1951 607 1996 nam
641 1932 727 2014 quod
763 1938 811 1996 est
839 1939 871 1997 et
901 1932 1008 2015 lrabet,
1045 1933 1109 1997 talc
1134 1953 1260 2016 quoque
1283 1933 1361 1998 facit
1386 1971 1435 1980 -—

257 2037 401 2122 profecto
437 2040 543 2104 verius
578 2039 711 2123 pulchra
745 2047 803 2120 est,
841 2047 1014 2124 propterea
1049 2039 1135 2122 quod
1171 2039 1315 2124 possidet
1350 2043 1436 2106 artis

257 2145 535 2230 pulchritudinem,
572 2165 654 2226 quae
688 2151 735 2209 est
768 2147 869 2210 maior
902 2147 1172 2228 excellentiorque
1205 2148 1351 2211 omnibns
1380 2149 1434 2231 iis,

258 2273 339 2333 qnae
371 2254 403 2315 in
437 2258 608 2335 conspectu
632 2254 838 2335 ponunturll.
897 2251 1061 2330 Quatenus
1086 2253 1167 2318 eninr
1193 2253 1293 2316 forma
1318 2275 1434 2337 proce-

257 2359 336 2424 dens
371 2358 404 2422 in
438 2359 604 2424 materiam
635 2358 837 2442 distenditur,
874 2367 1005 2425 eatenus
1042 2360 1177 2426 debilior
1200 2360 1235 2424 lit
1259 2363 1308 2444 ea,
1346 2381 1435 2442 quae

257 2471 363 2530 rnarret
386 2465 418 2528 in
442 2485 504 2530 uno
519 2467 552 2546 ⁶).
600 2465 763 2548 Quidquid
787 2466 870 2530 enim
896 2468 927 2531 in
951 2487 985 2531 se
1010 2467 1251 2532 distractionem
1274 2467 1341 2532 sire
1366 2465 1435 2532 dis-

256 2573 436 2656 persionem
459 2574 588 2658 patitur,
625 2575 743 2638 amittit
777 2593 900 2658 semper
934 2573 1074 2655 aliquid3
1115 2581 1150 2637 ut
1182 2575 1278 2637 robur
1310 2574 1436 2638 amittit

254 2681 360 2760 robur,
387 2680 473 2744 calor
497 2681 644 2761 calorem,
669 2681 715 2744 ita
738 2679 941 2764 pulchritudo
966 2677 1235 2765 pulchritudinem
1250 2681 1285 2757 ⁷).
1322 2680 1436 2761 Atque

255 2807 348 2850 omne
372 2787 507 2870 primum
532 2787 675 2852 efficiens
699 2786 873 2852 seeundum
898 2807 931 2852 se
947 2788 1051 2871 ipsum
1068 2792 1194 2871 oportet
1210 2787 1432 2870 praestantius

257 2949 354 2954 ...-.-..—.
359 2949 469 2956 ---——-

357 3035 383 3100 1)
401 3033 487 3088 Enn.
507 3034 541 3100 V,
559 3035 584 3101 8,
605 3035 635 3088 l:
664 3037 757 3103 φανείη
783 3034 831 3103 μὲν
859 3037 890 3089 ἂν
909 3037 925 3088 ό
942 3034 993 3089 ὑιτδ
1019 3043 1064 3104 τῆς
1093 3036 1184 3104 τέχνης
1203 3034 1370 3104 γεγενημένος
1390 3035 1434 3093 εἷς

256 3124 341 3182 εἴδους
366 3125 460 3183 κάλλος
479 3122 558 3182 καλός
577 3123 609 3176 οὐ
627 3123 698 3192 παρὰ
717 3123 745 3176 τό
764 3123 828 3177 εἶναι
848 3125 938 3183 λίθος·
959 3125 991 3192 ἦν
1005 3123 1052 3192 γὰρ
1072 3125 1103 3177 ἂν
1123 3125 1167 3177 καὶ
1187 3125 1202 3175 ό
1220 3125 1306 3192 ἔτερος
1327 3123 1432 3189 ὁμοίως

256 3213 351 3269 καλός·
371 3212 435 3266 ἀλλὰ
453 3212 523 3281 παρὰ
541 3221 587 3266 τοῦ
607 3215 693 3272 εἴδους
712 3215 728 3266 δ
745 3214 838 3282 ε’νῆκεν
857 3214 872 3282 ἡ
892 3214 977 3282 τέχνη.

356 3301 383 3366 2)
402 3301 456 3354 ib.:
485 3310 559 3355 τοῦτο
577 3301 625 3368 μὲν
644 3304 729 3356 τοίνυν
747 3301 775 3355 τό
794 3301 861 3360 εἶδος
881 3302 931 3354 οὐκ
951 3301 1021 3368 εἶχεν
1040 3302 1056 3368 ἦ
1076 3303 1135 3366 ὕλη,
1159 3299 1214 3352 ἀλλ’
1233 3299 1266 3365 ἦν
1284 3299 1312 3349 ἕν
1331 3308 1369 3367 τῷ
1388 3301 1434 3353 ἒν-

256 3389 374 3456 νοήσαντι
398 3389 443 3441 καὶ
471 3390 533 3456 πρὶν
551 3390 637 3443 ἐλθεῖν
655 3393 691 3450 εἰς
708 3391 751 3444 τόν
768 3391 861 3443 λίθον·
881 3391 914 3457 ἦν
927 3389 950 3441 δ’
964 3389 991 3441 ἓν
1011 3397 1049 3454 τῷ
1069 3389 1222 3453 δημιουργῷ
1241 3385 1272 3437 οὗ
1291 3387 1355 3439 καθ’
1368 3390 1436 3442 ὅσον

256 3477 390 3546 ὀφθαλμοὶ
410 3477 426 3545 ἢ
445 3485 531 3545 χεῖρες
549 3477 615 3545 ἦσαν
635 3479 715 3544 αὐτῷ,
735 3477 790 3529 ἀλλ’
810 3479 847 3528 ὅτι
866 3485 969 3542 μετεῖχε
988 3483 1032 3542 τῆς
1052 3474 1149 3541 τέχνης.

301 3567 306 3576 ’
355 3569 382 3634 3)
404 3567 459 3620 ib.·:
477 3565 511 3633 ἦν
529 3566 580 3632 ἄρα
599 3565 626 3617 ἕν
645 3574 676 3633 τῇ
695 3566 771 3632 τέχνῃ
793 3564 821 3616 τὸ
840 3564 934 3621 κάλλος
952 3570 1027 3615 τοῦτο
1046 3563 1153 3630 ἄμεινον
1171 3565 1268 3632 πολλῷ.

355 3657 382 3724 4)
402 3657 457 3710 lb.:
477 3655 508 3708 οὐ
527 3654 576 3723 γὰρ
595 3654 681 3707 ἐκεῖνο
700 3653 781 3722 ἦλθεν
800 3653 837 3711 εἰς
856 3651 899 3705 τόν
917 3651 993 3705 λίθον
1012 3651 1040 3706 τὸ
1059 3653 1086 3706 ἒν
1105 3661 1136 3722 τῇ
1154 3654 1240 3722 τέχνῃ,
1259 3651 1314 3708 ἀλλ’
1338 3652 1429 3706 εἰιεΐνο

255 3745 303 3812 μὲν
321 3747 401 3813 μένει,
431 3745 494 3798 ἄλλο
523 3743 552 3796 δὲ
579 3743 624 3797 ἀπ’
652 3743 755 3810 ε’κείνης
775 3743 879 3795 ἔλαττον
897 3741 1017 3795 ἐκείνοιν
1037 3741 1082 3795 καὶ
1101 3741 1163 3796 οὐδὲ
1182 3750 1257 3796 τοῦτο
1277 3742 1361 3808 ἔμεινε
1380 3761 1431 3795 κα-

255 3835 340 3902 θαρόν
358 3836 385 3888 ἐν
405 3835 477 3902 αὐτῷ
496 3832 559 3886 οὐδὲ
577 3833 631 3885 οἷον
650 3833 782 3902 ἐβούλετο,
806 3831 861 3885 ἀλλ’
882 3833 943 3885 ὅσον
961 3831 1029 3895 εἶξεν
1047 3834 1063 3885 ό
1080 3833 1154 3890 λίθος
1174 3840 1205 3899 τῇ
1224 3832 1310 3896 τέχνη.

355 3925 381 3988 ir)
401 3925 453 3977 in:
482 3923 505 3974 εἰ
523 3921 547 3974 δ’
565 3922 581 3990 ἡ
601 3922 677 3990 τέχνη
697 3923 714 3973 ό
729 3921 780 3974 ε’στι
808 3923 853 3974 καὶ
880 3923 933 3990 ἔχει
963 3929 1080 3975 τοιοῦτον
1098 3928 1184 3973 ποιεῖ’
1204 3917 1285 3968 καλὸν
1310 3915 1340 3968 δὲ
1357 3928 1435 3972 ποιεῖ

256 4013 323 4066 κατὰ
341 4013 418 4080 λόγον
436 4013 469 4065 οὗ
486 4019 572 4064 ποιεῖ·
591 4013 719 4078 μειζόνως
738 4011 783 4064 καί
802 4011 986 4080 ἀληθεστέρως
1007 4010 1076 4077 καλή
1095 4009 1148 4060 ἐστι
1168 4005 1197 4057 τδ
1216 4005 1311 4063 κάλλος
1330 4005 1430 4073 ἔχουσα

255 4101 284 4153 τὸ
302 4102 401 4169 τέχνης,
420 4103 512 4169 μεῖζον
529 4101 616 4168 μέντοι
635 4102 681 4156 καὶ
700 4103 808 4155 κόλλιον
828 4103 843 4170 ἢ
864 4104 926 4154 ὅσον
944 4100 1011 4152 ἐστὶν
1030 4099 1057 4149 ἒν
1074 4105 1112 4163 τῷ
1132 4095 1192 4156 ἔξω.

354 4191 381 4253 li)
401 4191 456 4243 ib.:
485 4191 596 4260 καὶγὰρ
616 4193 671 4257 ὅσῳ
691 4191 784 4250 lovels
804 4190 849 4258 τὴν
879 4190 944 4255 ὕλην
971 4187 1113 4249 ἐκτέταται,
1141 4185 1209 4250 τόσῳ
1239 4183 1429 4249 ἀσθενέστερον

257 4287 301 4332 τοῦ
320 4279 347 4332 ἑν
365 4279 402 4332 ἔνι’
421 4279 551 4346 μένοντος.

355 4371 382 4436 λ)
400 4370 455 4422 lla:
479 4369 617 4438 ἀφίσταται
646 4369 694 4438 γὰρ
715 4369 807 4422 ἑαυτοῦ
836 4373 888 4418 πᾶν
907 4363 1079 4430 διιστάμενον,
1106 4363 1130 4415 εἶ
1148 4363 1230 4431 ι’σχός,
1259 4363 1287 4415 ἓν
1307 4363 1384 4429 ἰσχύι,
1404 4363 1428 4414 εί

258 4461 396 4527 θερμότης,
417 4459 444 4511 ἓν
464 4460 615 4528 θερμότητι,
634 4459 658 4510 εἰ
676 4459 744 4516 ὅλως
765 4457 882 4522 δύναμις,
898 4453 925 4506 ἓν
944 4452 1062 4520 δυνάμει,
1081 4452 1124 4505 κατ’
1144 4452 1240 4510 κάλλος
1259 4451 1286 4503 ἐν
1302 4450 1398 4502 κάλλει.
