3172 5142
564 438 815 530 ‘-31-

130 618 353 684 chritudinern
379 618 549 700 excedens,
583 625 631 683 est
655 617 902 703 pulchritudinis
932 617 989 683 llus
1012 625 1044 683 et
1069 620 1116 685 vis
1141 626 1173 684 et
1196 619 1314 703 princi-

129 727 263 810 pium1)
296 732 328 790 et
360 726 472 806 finis2).
520 725 690 790 Pulchrum
723 725 847 809 indiget
882 727 978 808 Bono,
1013 725 1070 790 sed
1095 727 1312 800 Bonumncn

130 831 266 914 indiget
289 831 465 918 pulchrui).
513 831 684 896 Pulchrum
718 852 775 916 per
808 852 842 896 sc
877 853 1017 896 amorem
1051 831 1218 896 infundere
1252 853 1314 895 nnn

133 944 265 1021 potest,
290 937 342 1002 hic
366 937 577 1022 proficiscitur
601 959 621 1002 a
645 937 854 1019 iucunditate,
888 959 980 1019 quani
1006 939 1125 1024 accipit
1149 939 1315 1022 pulchrum

134 1065 161 1108 a
185 1045 285 1108 Bono.
341 1044 376 1109 si
405 1043 504 1128 igitur
531 1045 593 1108 vim
620 1044 783 1109 efficacem
809 1045 888 1108 Boni
913 1044 953 1108 ad
979 1043 1022 1125 id,
1052 1045 1137 1126 quod
1161 1065 1201 1109 ex
1226 1045 1315 1108 Bono

135 1151 253 1232 oritur,
283 1151 578 1232 animadvertimuS,
604 1151 747 1216 existunt
772 1151 962 1234 vuluptatee,
988 1161 1067 1232 quas
1091 1151 1259 1216 referimus
1275 1150 1316 1216 ad

135 1258 319 1341 pulchrum,
344 1265 454 1342 stupor
478 1258 630 1323 videlieet
656 1264 688 1322 et
712 1251 881 1322 admiratin
899 1264 995 1340 atque
1017 1279 1121 1339 arnor,
1146 1265 1316 1342 propterca

136 1365 251 1448 igitur,
278 1365 361 1447 quod
387 1367 509 1430 Bonum
535 1365 593 1431 has
615 1366 798 1450 voluptates
823 1367 954 1447 excitat,
979 1367 1012 1429 in
1037 1367 1126 1431 Bono
1151 1365 1317 1450 pulchrum

138 1473 235 1551 estu.
282 1473 371 1538 Haec
407 1480 513 1538 autern
543 1473 624 1538 Beni
659 1473 796 1538 facultas
832 1483 898 1536 turn
934 1472 1060 1537 demum
1096 1473 1211 1538 estlear
1247 1491 1318 1537 esse

137 1585 259 1662 petest,
284 1599 355 1644 curn
380 1587 515 1666 apparet
538 1581 571 1644 in
594 1581 644 1662 iis,
670 1599 752 1662 quae
776 1582 817 1645 ab
842 1582 912 1664 ipsu
937 1580 1086 1664 profecta·
1109 1581 1228 1674 santi).
1254 1581 1316 1644 Ita-

139 1705 205 1766 que
229 1685 405 1750 mirandum
430 1708 490 1751 non
517 1693 575 1766 est,
601 1685 685 1768 quod
707 1688 852 1751 Plotinae
876 1688 984 1752 inultis
1008 1688 1086 1752 lueis
1110 1687 1207 1752 etiarn
1226 1688 1316 1751 Bone

138 1811 251 1857 omncs
276 1793 409 1857 effectus
433 1793 588 1872 attribuit,
615 1813 694 1872 quos
718 1813 780 1856 nnn
805 1794 903 1856 habet
927 1795 988 1858 nisi
1011 1815 1081 1858 curn
1098 1800 1132 1858 ut
1148 1793 1315 1878 pulchrum

139 1907 289 1983 apparet.

250 2005 328 2070 Curn
366 2004 426 2069 lrac
462 2003 502 2068 de
533 2005 620 2069 Bono
656 2014 687 2069 et
722 2004 855 2089 pulchre
888 1989 1047 2070 sententia
1072 2007 1243 2072 coniuncta
1267 2015 1315 2072 est

139 2113 260 2177 Plotini
285 2111 326 2176 de
351 2111 482 2196 pulchro
507 2112 666 2177 artificiali
691 2111 847 2177 doctrina.
907 2114 962 2178 Vis
985 2114 1174 2198 generativa
1197 2120 1229 2177 et
1253 2114 1315 2178 fcr-

137 2221 263 2284 nrativa
296 2217 426 2284 artificis
459 2239 530 2284 eum
555 2220 680 2300 allexit,
720 2241 793 2283 narn
828 2219 908 2284 haec
933 2223 981 2285 vis
1008 2221 1120 2285 similis
1144 2227 1192 2284 cst
1215 2221 1314 2302 Bcnc,

138 2326 229 2408 quod
253 2328 355 2410 ipsum
380 2326 448 2390 sine
472 2327 576 2390 lenna
600 2333 648 2390 est
665 2333 819 2390 ettamen
843 2327 942 2392 nitito
966 2329 1070 2393 minue
1094 2347 1192 2392 eausa
1215 2327 1316 2392 omnis

138 2434 275 2515 tonnae,
300 2432 385 2515 quod
409 2434 477 2498 sine
501 2453 648 2498 mensura
672 2431 800 2514 quiden]
817 2440 874 2498 'est
895 2439 926 2496 et
943 2433 1109 2516 infinitum,
1134 2433 1191 2498 sed
1208 2440 1315 2498 tanren

139 2537 352 2604 coercendum
377 2547 425 2604 est
449 2546 482 2604 et
506 2539 792 2621 determinandum,
818 2541 844 2604 si
869 2538 947 2621 quid
970 2539 1198 2624 producturum
1221 2542 1314 2620 estss).

158 2684 162 2693 ·
249 2645 364 2730 Finge,
395 2648 442 2713 sic
465 2647 578 2732 incipit
602 2646 784 2730 disputator
808 2653 916 2711 noster
941 2647 1076 2728 subtilis,
1112 2645 1192 2712 duas
1216 2647 1316 2710 mules

139 2751 290 2836 lapideas
313 2773 413 2837 prope
443 2773 477 2818 se
501 2755 633 2838 positae,
668 2774 800 2834 quarum
826 2754 927 2818 altera
951 2752 1079 2835 quidem
1103 2752 1316 2838 incomposita

139 2857 185 2924 sit
209 2866 240 2924 et
264 2859 483 2942 inartificialia
519 2860 620 2925 altera
644 2880 719 2924 veru
750 2881 807 2944 per
831 2868 933 2924 artem
957 2861 989 2924 in
1013 2868 1152 2926 statuam
1176 2862 1240 2926 iarn
1264 2881 1316 2925 cx-

140 2967 273 3046 cultall.
320 2966 420 3051 Lapis
456 2968 554 3050 igitur
587 2966 778 3032 artificiosus
811 2969 954 3051 protinus
979 2969 1112 3052 pulcher·
1136 2968 1314 3052 apparebit,

243 3252 268 3314 1)
289 3250 375 3304 Enn.
396 3249 443 3316 VI,
463 3250 488 3314 ἵ,
508 3250 555 3303 32:
576 3249 672 3308 κάλλος
691 3250 756 3318 ὑπὲρ
775 3251 909 3310 κάλλος..
925 3253 1034 3320 δύναμις
1054 3251 1100 3305 οὖν
1118 3251 1214 3310 παντὸς
1232 3252 1315 3306 καλοῦ

140 3341 226 3397 ἄνθος
253 3340 314 3407 ἒοτί,
341 3340 437 3398 κάλλος
465 3341 639 3392 καλλοντοιόν·
667 3339 712 3391 καὶ
741 3339 789 3407 γὰρ
818 3344 893 3408 γεννᾷ
919 3340 982 3393 αὐτὸ
1008 3342 1053 3394 καὶ
1072 3341 1179 3394 κάλλιον
1197 3350 1269 3394 ποιεῖ
1285 3349 1316 3410 τῇ
1369 3347 1372 3354 “

139 3428 203 3495 παρ’
223 3429 303 3482 αὑτοῦ
330 3431 463 3497 περιουσίᾳ
492 3437 536 3482 τοῦ
556 3429 676 3495 κάλλους,
706 3429 772 3481 ὥστε
800 3429 870 3498 ἀρχὴ
900 3430 1012 3488 κάλλους
1033 3431 1078 3484 καὶ
1096 3431 1177 3498 πέρας
1195 3431 1314 3488 κάλλους.

141 3518 187 3570 Ib.
206 3517 292 3570 infru:
312 3517 341 3569 τὸ
360 3517 388 3568 δὲ
407 3521 487 3576 ὅντως
507 3519 523 3586 ἢ
543 3518 571 3571 τὸ
590 3519 746 3586 ὑπέρκαλον.

242 3605 269 3668 2)
290 3605 374 3657 Enn.
394 3605 427 3670 V,
448 3607 540 3670 5,12:
568 3608 612 3659 καὶ
641 3610 738 3660 οἴονται
767 3606 796 3660 δὲ
825 3607 939 3676 τάγαθὸν
966 3608 1089 3676 λαβόντες
1108 3607 1199 3672 ἀρκεῖν
1227 3607 1315 3665 αὐτοῖς

142 3697 251 3752 ἅπαντες
263 3707 268 3720 ·
282 3694 318 3751 εἰς
336 3693 385 3762 γὰρ
405 3693 434 3744 τὸ
453 3696 523 3752 τέλος
543 3697 668 3764 ἀφῖχθαι,

241 3785 269 3850 3)
289 3784 346 3836 ib.:
366 3783 394 3836 τὸ
412 3782 460 3850 μὲν
479 3785 579 3852 ἀγαθὸν
599 3785 661 3837 αὐτὸ
680 3787 711 3839 οὐ
730 3787 811 3839 δεῖται
831 3793 877 3838 τοῦ
896 3785 988 3848 καλοῦ,
1008 3785 1036 3837 τὸ
1056 3783 1084 3836 δέ
1103 3783 1186 3838 καλὸν
1204 3784 1314 3838 ἐκείνου.

242 3873 270 3941 4)
290 3873 332 3929 Ct'.
353 3873 542 3944 praeclarum
562 3874 661 3928 locurn
679 3876 762 3928 illurn
782 3875 831 3943 VI,
851 3876 875 3942 7,
896 3875 940 3928 32.

247 3964 274 4023 tt
295 3964 337 4018 Cf.
358 3965 415 4018 Ed.
435 3963 599 4018 Mueller.
630 3963 736 4019 Geseh.
767 3967 794 4018 d.
815 3966 945 4019 Tlreorie
975 3968 1029 4020 der
1048 3964 1148 4016 Kunst
1177 3965 1225 4016 bei
1256 3964 1314 4018 den

142 4052 232 4106 Alten
252 4053 289 4120 Il,
308 4055 369 4107 309.
1204 4085 1206 4091 ·

247 4141 274 4205 6)
295 4141 338 4194 Cf.
359 4144 415 4196 Ed.
436 4145 601 4199 Mueller.
622 4145 638 4197 l.
660 4161 682 4198 e.
704 4143 740 4210 H,
759 4145 820 4199 312.

248 4228 275 4294 7)
296 4229 378 4282 Enn.
399 4233 431 4299 l,
451 4237 476 4298 8,
494 4236 524 4287 l:
544 4235 674 4301 κειμένων
692 4237 778 4287 τοίνυν
797 4235 974 4303 ἀλληλωνέγν
976 4236 1012 4300 ές,
1032 4235 1098 4287 ἔστω
1119 4234 1156 4301 δέ,
1176 4256 1197 4286 ει
1193 4235 1282 4303 βούλ
1284 4255 1313 4301 ει,

141 4317 256 4372 λίθων
243 4338 271 4368 εν
289 4319 370 4384 ὄνκτο,
398 4322 509 4387 τοῦμὲν
527 4324 711 4390 dppvdp'rnozoe
732 4323 776 4376 καὶ
796 4325 886 4392 τέχνης
903 4325 1025 4391 ἀμοίρου,
1056 4331 1099 4376 τοῦ
1119 4323 1148 4375 δὲ
1166 4324 1217 4390 ηὸη
1237 4323 1312 4390 τέχνῃ

141 4407 341 4474 κεκοατημένου
360 4408 397 4464 εἰς
415 4409 516 4475 ἄγαλμα
535 4413 637 4464 alectin
622 4435 638 4479 η
657 4415 705 4465 καί
722 4433 789 4470 τινος
808 4413 962 4480 ἀνθοώττου.
