3172 5142
616 379 827 432 ·-23-

148 560 239 624 fecto
264 561 434 624 maximum
459 566 699 641 extremumque
724 557 837 623 animis
861 559 1058 642 propositum
1081 565 1130 624 θεῖ
1153 566 1325 640 certamen,

149 667 392 750 propterquod
416 688 543 752 prorsus
573 664 802 732 elaborandum
827 671 885 747 θεῖ,
919 686 959 730 nc
983 665 1066 729 forte
1090 672 1238 749 expertes
1262 687 1325 730 rna-

148 767 283 838 neamus
318 775 458 858 optimae
493 774 788 858 eontenrplationis3
834 792 927 854 quarn
965 773 1018 854 qui
1054 779 1220 838 assecutus
1255 773 1324 850 erit,

136 879 268 946 evadet
301 880 388 946 felici
422 883 542 946 visione
576 883 705 960 beatus;
746 881 800 961 qui
825 900 900 944 vero
925 900 988 943 non
1013 863 1217 961 consequitur
1242 878 1325 943 hanc

150 987 464 1071 contemplationem,
490 987 602 1050 infelix
627 993 674 1049 θεῖ
684 989 718 1064 ¹).
766 987 849 1052 Nam
874 1005 976 1066 neque
1000 986 1027 1050 is
1059 986 1154 1050 miser
1178 991 1237 1068 θεῖ,
1270 986 1324 1066 qui

149 1093 275 1157 colores
309 1093 458 1176 pulebros
492 1099 524 1156 et
557 1112 692 1175 corpora
725 1091 859 1175 pulchra
892 1113 954 1156 non
987 1093 1189 1172 consequitur
1221 1111 1324 1174 neque

149 1199 205 1280 qui
230 1217 252 1264 a·
274 1200 418 1282 potentia
450 1205 481 1262 et
515 1198 696 1283 principatu
724 1217 888 1280 regnoque
912 1196 1043 1278 excidit,
1076 1196 1134 1261 sed
1159 1197 1212 1278 qui
1237 1205 1324 1262 earet

150 1305 213 1370 hoe
236 1304 403 1389 adspectu,
428 1327 485 1390 pro
510 1326 572 1390 quo
597 1325 697 1388 regna
720 1305 918 1388 imperiaque
942 1310 1045 1368 terrac
1066 1304 1163 1369 totius
1180 1309 1212 1368 et
1228 1305 1324 1370 maris

149 1418 248 1494 atque
272 1411 352 1476 coeli
377 1419 503 1496 oportet
532 1414 671 1494 abicere,
701 1414 728 1477 si
759 1411 830 1494 quis
854 1410 938 1475 forte
963 1411 1082 1476 relictis
1106 1409 1155 1476 his
1179 1411 1323 1476 omnibus

148 1525 248 1599 atque
272 1519 387 1602 spretis
411 1521 578 1603 perveniat
602 1518 643 1584 ad
669 1519 754 1583 hune
778 1517 1008 1602 adspectum2).

258 1624 323 1689 Sed
347 1645 410 1708 qua
433 1627 556 1691 ratioue
581 1626 706 1691 videtur
731 1625 811 1690 haec
834 1624 1091 1689 inexistimabilis
1108 1622 1322 1708 pulchritudo,

149 1751 233 1813 quae
257 1733 347 1813 quasi
371 1734 403 1796 in
427 1735 527 1798 saeris
551 1733 660 1816 adytis
683 1739 790 1796 manet
813 1751 917 1813 neque
940 1731 1026 1796 foras
1049 1729 1166 1814 prodit,
1190 1730 1323 1812 nequis

148 1837 303 1920 profanus
324 1839 498 1922 inspiciat?
533 1838 737 1920 Ingrediatur
761 1843 857 1918 atque
882 1835 1116 1919 progrediatur,
1141 1839 1322 1918 quicunque

147 1950 266 2027 potest,
291 1944 323 2006 in
347 1944 474 2025 iutima;
500 1951 592 2010 extra
616 1946 774 2026 relinquat
798 1944 948 2008 intuitum
972 1943 1134 2006 oculorum
1153 1963 1256 2025 neque
1280 1945 1322 2010 ad

147 2051 272 2135 priores
296 2071 462 2135 corporum
487 2051 621 2117 delicias
648 2051 800 2136 respiciat
810 2053 845 2131 8).
881 2051 964 2118 Nam
985 2050 1160 2113 intuentem
1185 2053 1321 2132 quaein

146 2157 335 2240 corporibus
359 2158 493 2242 pulchra
515 2165 597 2241 sunt,
623 2157 870 2240 haudquaquam
888 2156 938 2221 his
953 2176 988 2221 se
1004 2155 1168 2240 applicare
1184 2163 1321 2242 eportet,

145 2263 205 2330 sed
231 2273 478 2345 cognoscentem
503 2266 583 2330 haee
609 2286 678 2330 esse
703 2265 859 2346 imagines
884 2271 980 2346 atque
996 2263 1158 2343 umbrasll
1183 2262 1226 2328 ad
1242 2264 1321 2328 illud

145 2370 322 2452 confugere
338 2390 469 2436 necesse
487 2377 544 2454 est,
570 2373 659 2438 cuius
676 2372 757 2436 haee
773 2378 845 2438 sunt
861 2367 1043 2437 simulacra.
1090 2373 1126 2438 Si
1143 2373 1214 2454 quis
1238 2371 1320 2435 eninr

144 2477 285 2544 adhaec
300 2487 463 2562 prorueret
476 2481 567 2560 quasi
580 2500 656 2545 vera
673 2499 853 2564 capessens,
868 2485 1042 2564 pateretur,
1057 2478 1142 2560 quod
1150 2481 1321 2545 Narcissus

143 2585 202 2648 ille
225 2606 395 2670 perpessus
425 2593 484 2667 est,
514 2587 568 2668 qui
597 2587 739 2652 umbram
769 2595 900 2671 captare
925 2585 1124 2652 contendens
1148 2587 1180 2650 in
1204 2606 1319 2668 aquam

144 2711 218 2757 sese
231 2694 339 2757 mersit
356 2701 452 2774 atque
469 2693 573 2776 periit.
592 2693 657 2758 Hic
669 2695 766 2775 igitur
782 2693 960 2759 rectissime
977 2693 1092 2774 aliquis
1109 2692 1319 2758 exclamabit:

148 2798 332 2882 „Abeamus
365 2798 449 2880 hinc,
484 2800 589 2881 amici,
623 2801 654 2862 in
688 2801 825 2883 patriam
859 2799 984 2864 dulcem
1018 2797 1317 2883 confugientes⁵)!“

145 2903 312 2980 Quaenam
345 2905 492 2988 fugiendi
526 2906 608 2970 ratio
641 2913 690 2972 est
719 2913 751 2971 ct
775 2910 839 2990 qua
862 2907 916 2972 via
941 2908 1096 2973 veneficia
1129 2907 1237 2973 Circes
1262 2908 1320 2973 Ca·

146 3011 321 3095 lypstrsque
347 3011 584 3078 devitabimus?
609 3015 735 3096 Fugere
760 3013 921 3097 debemus,
953 3020 987 3079 ut
1011 3014 1153 3098 Ulysses,
1179 3015 1231 3095 qui
1256 3035 1320 3078 nra·

145 3137 221 3181 nere
255 3116 371 3198 noluit,
406 3138 597 3199 quamquam
630 3121 660 3183 ei
693 3121 878 3203 spectacula
911 3119 1050 3184 iucunda
1083 3121 1320 3204 praebebantur

145 3229 242 3304 atque
275 3223 457 3312 voluptates
489 3225 768 3308 promittebantur.
815 3227 925 3291 Patria
949 3247 1024 3291 vere
1053 3233 1162 3293 nostra
1189 3227 1234 3292 ibi
1259 3234 1318 3310 est,

145 3329 231 3394 unde
264 3333 422 3414 veniurus3
463 3331 581 3398 ibidem
616 3352 742 3416 quoque
775 3339 876 3418 pater.
925 3334 994 3412 Quo
1028 3342 1062 3401 ut
1095 3338 1317 3422 perveniamus

145 3438 234 3504 velut
262 3439 332 3504 visu
358 3441 500 3525 corporis
525 3441 632 3507 clauso
657 3442 791 3507 alterum
815 3443 917 3510 visum
945 3464 1106 3511 assumere
1130 3451 1227 3526 atque
1250 3463 1316 3508 sus·

255 3705 281 3771 1)
304 3703 387 3756 Enlt.
399 3703 421 3767 I,
435 3704 459 3769 6,
474 3704 503 3757 7:
523 3706 555 3757 οὗ
573 3706 606 3772 δὴ
626 3707 671 3759 καὶ
683 3706 756 3773 ἀγὼν
771 3708 891 3774 μέγιστος
909 3709 954 3760 καὶ
973 3709 1079 3775 ἔσχατος
1097 3717 1196 3776 ψυχαῖς
1215 3709 1316 3774 πρόκει-

144 3816 194 3860 ται,
219 3793 284 3861 ὑπὲρ
303 3793 336 3847 οὗ
354 3792 398 3846 καὶ
417 3793 433 3843 ὁ
449 3799 499 3850 πᾶς
517 3794 603 3858 πόνος,
626 3793 664 3860 μὴ
685 3793 810 3860 ἀμοίρους
832 3795 952 3861 γενέσθαι
975 3803 1019 3863 τῆς
1038 3797 1143 3862 ἀρίστης
1163 3795 1232 3859 θέας,
1252 3795 1284 3863 ἧς
1303 3797 1319 3847 ό

142 3883 192 3952 μὲν
205 3882 293 3951 τυχὼν
303 3882 433 3950 μακάριος
452 3882 516 3950 ὄψιν
533 3882 666 3948 μακαρίαν
685 3881 857 3948 τεθεαμένος·
876 3881 975 3951 ἀτυχὴς
991 3883 1020 3935 δὲ
1037 3883 1112 3940 οὗτος
1131 3885 1147 3934 ὁ
1162 3883 1201 3952 μὴ
1220 3885 1316 3953 τυχών.

253 3972 279 4035 2)
301 3973 337 4026 cf.
357 3972 442 4025 Enn.
463 3970 485 4036 I,
504 3970 529 4034 6,
549 3970 572 4023 7.

253 4061 281 4124 3)
301 4063 337 4116 cf.
358 4062 445 4115 llnn.
465 4059 487 4128 I,
506 4060 530 4113 6.
551 4060 575 4113 8,

252 4149 280 4212 4)
301 4151 383 4204 Enn.
406 4151 427 4219 l,
447 4151 472 4217 6,
491 4151 521 4204 8:
541 4151 641 4210 εἰκόνες
659 4149 704 4203 καὶ
724 4151 782 4219 ἴχνη
802 4149 847 4204 καὶ
866 4151 945 4204 σκιαί.

254 4239 281 4301 5)
303 4239 357 4292 ib.:
386 4241 528 4307 φεύγωμεν
547 4240 580 4310 δὴ
600 4241 679 4309 φίλην
698 4239 724 4300 ἒς
751 4242 871 4309 πατρίδα,
899 4239 1074 4310 ἀληθέστατον
1092 4241 1124 4293 ἅν
1149 4263 1185 4301 τις
1203 4263 1316 4309 παρακε-

145 4330 257 4382 isaiano.
